=LDR  02716aas a2200637 a 4500
=001  014917138
=003  Uk
=005  20171212154105.0
=006  m\\\\\\\\d\|\\\\\\
=007  cr||||||||||||
=008  090225c19999999enkbr\p\s\\\\\0\\\a0eng\\
=FMT  \\$a  SE
=015  \\$aGBB023244$2bnb
=022  0\$a2040-3445$202
=040  \\$aUk$beng$cUk$dUk
=042  \\$aissnuk$aukblsr
=082  04$a615.7$222
=130  0\$aCurrent opinion in molecular therapeutics (Online)
=210  0\$aCurr. opin. mol. ther.$b(Online)
=222  \0$aCurrent opinion in molecular therapeutics$b(Online)
=245  10$aCurrent opinion in molecular therapeutics$h[electronic resource].
=260  \\$aLondon :$bThomson Reuters
=310  \\$aBimonthly
=336  \\$atext$2rdacontent
=337  \\$acomputer$2rdamedia
=338  \\$aonline resource$2rdacarrier
=538  \\$aMode of access: email and World Wide Web.
=538  \\$aSystem requirements: Adobe Acrobat Reader.
=580  \\$aTo 2007? also issued in print format; beginning with 2008? issued online only.
=500  \\$aDescription based on: Vol. 11, no. 4 (Aug. 2009); title from PDF t.p. (email, sent 31/07/2009).
=500  \\$aLatest issue consulted: vol. 11, no. 6 (Dec. 2009).
=776  1\$tCurrent opinion in molecular therapeutics$x1464-8431
=780  10$tCurrent opinion in molecular therapeutics$x1464-8431
=856  40$uhttp://www.biomedcentral.com/curropinmolther/$zFor subscribers only, requires password
=856  4\$uhttp://www.iddb.com/$zNo longer links to resource
=856  00$amailto:info@currentdrugs.com$zTo subscribe
=856  4\$uhttp://thomsonreuters.com/products_services/science/science_products/a-z/current_molecular_therapeutics$zTo subscribe
=859  \\$aELD$bejournal
=852  41$aBritish Library$bSTI$jELD Digital store
=985  \\$aLegal Deposit ejournals
=CAT  \\$a11313$b40$c20090225$lBLL01$h1300
=CAT  \\$a3072$b40$c20100210$lBLL01$h1210
=CAT  \\$a3072$b40$c20100210$lBLL01$h1212
=CAT  \\$a3072$b40$c20100210$lBLL01$h1218
=CAT  \\$a3072$b40$c20100210$lBLL01$h1219
=CAT  \\$a3072$b40$c20101027$lBLL01$h1647
=CAT  \\$aWR14.047$c20140417$lBLL01$h1645
=CAT  \\$aW1711-1225$c20171203$lBLL01$h1032
=CAT  \\$aW1711-1005$c20171206$lBLL01$h1821
=CAT  \\$a11313$b40$c20171212$lBLL01$h1541
=FIN  \\$aY$d20100210
=LET  \0$aCurrent opinion in molecular therapeutics (email)
=LKR  \\$aPAR$b007076584$lBLL01$r78000$mCurrent opinion in molecular therapeutics (Online)$nCurrent opinion in molecular therapeutics (Print)
=STA  \\$aSUPPRESSED$bunable to determine reason for suppression
=TCO  \\$aCLA$bCLA$c008
=LAS  \\$a11313$b40$c20171212$lBLL01$h1541

