=LDR  02919cas a2200613 i 4500
=001  017600180
=003  Uk
=005  20160705120257.0
=006  m\\\\\|\\d\|\\\\\\
=007  cr\|||||||||||
=008  151103c20159999enkwx\p\o\\\\\0\\\a0eng\\
=FMT  \\$a  SE
=015  \\$aGBB5G1243$2bnb
=022  0\$a2397-091X$202$y1748-7625
=040  \\$aUk$beng$cUk$erda
=042  \\$aukblsr$aissnuk
=082  04$a379.4105$223
=222  \0$aEducation parliamentary monitor. Weekly written PQs
=245  00$aEducation parliamentary monitor.$pWeekly written PQs.
=246  3\$aWeekly written parliamentary questions
=246  1\$iWeb link title:$aEPM written parliamentary questions (WPQs)
=246  3\$aEducation parliamentary monitor.$pWritten parliamentary questions
=264  \1$aCrediton :$bThe Education Publishing Company Ltd,$c2015-
=310  \\$aWeekly (when in session)
=336  \\$atext$2rdacontent
=337  \\$acomputer$2rdamedia
=338  \\$aonline resource$2rdacarrier
=362  1\$aBegan with No. 699 (Monday 6 July 2015).
=520  \\$a"Reports a selection of written parliamentary questions on education from the House of Commons and the House of Lords. Questions are listed by department, starting with the DfE and then BIS, followed by other departments in alphabetical order ..."
=588  \\$aDescription based on: No. 715 (Monday 26 October 2015); title from Word caption (viewed November 3, 2015).
=650  \0$aEducation and state$zGreat Britain$vPeriodicals.
=650  \0$aChildren$xGovernment policy$zGreat Britain$vPeriodicals.
=650  \7$aChildren$xGovernment policy.$2fast$0(OCoLC)fst00854942
=650  \7$aEducation and state.$2fast$0(OCoLC)fst00902835
=651  \7$aGreat Britain.$2fast$0(OCoLC)fst01204623
=655  \7$aPeriodicals.$2fast$0(OCoLC)fst01411641
=690  7\$aSocial Welfare$2blcoll
=780  00$tEducation parliamentary monitor. Weekly PQs. Westminster$x1755-4640
=856  4\$ahttp://www.educationpublishing.com/parliament.shtmlLD$zTo subscribe
=859  \\$aELD$bejournal
=852  41$aBritish Library$bHMNTS$jELD Digital store$3Number 699(2015:Jul. 06)-Number 1032(2022:Sep. 12)
=CAT  \\$a3072$b40$c20151103$lBLL01$h1650
=CAT  \\$a3072$b40$c20151103$lBLL01$h1651
=CAT  \\$a3072$b40$c20151104$lBLL01$h1140
=CAT  \\$a3072$b40$c20151104$lBLL01$h1341
=CAT  \\$aBATCH-SWP$c20151113$lBLL01$h2212
=CAT  \\$a10983$b40$c20160705$lBLL01$h1202
=CAT  \\$aW1711-1225$c20171203$lBLL01$h1057
=CAT  \\$aW1711-1005$c20171206$lBLL01$h1828
=FIN  \\$aY$d20151104
=LET  \0$aEducation parliamentary monitor. Weekly written PQs (Electronic)
=LKR  \\$aPAR$b007893813$lBLL01$r776$mEducation parliamentary monitor. Weekly written PQs$nEducation parliamentary monitor. Weekly PQs. Westminster
=STA  \\$aSUPPRESSED$bunable to determine reason for suppression
=LAS  \\$aW1711-1005$b00$c20171206$lBLL01$h1828

