=LDR  03722cas a2200853 a 4500
=001  015726640
=003  Uk
=005  20201124190357.0
=006  m\\\\\\\\d\\\\\\\\
=007  cr\un|||||||||
=008  051005c19859999nyufx\pss\\\\\0\\\a0eng\c
=FMT  \\$a  SE
=010  \\$a2005213196
=022  0\$a1558-5263$l0920-1297$y0920-1297$21
=035  \\$a(OCoLC)61808850
=037  \\$a09201297$bIngenta$nBerghahn
=037  3\$aISSN_09201297$bPortico$nBerghahn Journals
=040  \\$aUk$beng$cUk
=041  0\$aeng$adut
=042  \\$ansdp$aukblsr
=082  10$a128$222
=130  0\$aFocaal (Online)
=222  \0$aFocaal$b(Online)
=245  10$aFocaal$h[electronic resource] :$bEuropean journal of anthropology.
=260  \\$aNijmegen :$bUniversiteit Nijmegen,$c1985-
=260  3\$aNew York, N.Y. :$bBerghahn Journals, Inc.
=310  \\$aTwice a year,$b2000-
=321  \\$aTwo or 3 no. a year,$b1985-
=336  \\$atext$2rdacontent
=337  \\$acomputer$2rdamedia
=338  \\$aonline resource$2rdacarrier
=362  1\$aPrint began with: [1] (Oct. 1985)-
=500  \\$aDescription based on: no. 43 (2004); title from PDF running title (Berghan Books website, viewed Oct. 3, 2005).
=500  \\$aSome issues have also distinctive titles.
=500  \\$aPublished: Utrecht : Stichting Focaal, 2000-; New York : Berghahn Books, 2004-
=588  \\$aLatest issue consulted: issue 81 (June 2018) (Berghahn Journals, viewed September 12, 2018).
=515  \\$aSome issues published in combined form.
=530  \\$aAlso issued in print.
=538  \\$aMode of access: World Wide Web.
=546  \\$aIn Dutch, 1985- ; in English and Dutch, nr. 35-
=550  \\$a"Het wordt uigegeven door studenten en afgestudeerden van der Universiteit van Nijmegen", 1985- ; "sponsored by the Dept. of Social and Cultural Anthropology of the Catholic University Nijmegen", nr. 35-
=650  \0$aAnthropology$vPeriodicals.
=776  1\$tFocaal$x0920-1297$w(DLC) 2001236274$w(OCoLC)47975376
=710  2\$aKatholieke Universiteit Nijmegen.$bDepartment of Social and Cultural Anthropology.
=856  40$uhttps://www.berghahnjournals.com/view/journals/focaal/focaal-overview.xml
=856  4\$uhttp://www.berghahnbooksonline.com/journals/focaal/$zLink no longer valid
=856  4\$uhttp://www.ingentaconnect.com/content/berghahn/focaal$zLink no longer valid
=856  4\$3Tables of contents and abstracts for Nos. 1-<42>:$uhttp://www.focaal.box.nl/$zLink no longer valid
=859  \\$aELD$bejournal
=852  41$aBritish Library$bHMNTS$jELD Digital store$3Volume 83(2019)-
=985  \\$aRecord amended for WR# 13/070
=985  \\$aUpgraded by BSS-generated file for WR2011-1473
=CAT  \\$a7332$b40$c20110106$lBLL01$h1329
=CAT  \\$a7332$b40$c20110106$lBLL01$h1340
=CAT  \\$a11279$b40$c20120319$lBLL01$h1541
=CAT  \\$aWR13_070$b00$c20130504$lBLL01$h0329
=CAT  \\$a14412$b40$c20160308$lBLL01$h1442
=CAT  \\$a11450$b40$c20160601$lBLL01$h0929
=CAT  \\$a11450$b40$c20160816$lBLL01$h1331
=CAT  \\$aW1711-1225$c20171203$lBLL01$h1041
=CAT  \\$aW1711-1005$c20171206$lBLL01$h1823
=CAT  \\$a10806$b40$c20180912$lBLL01$h1412
=CAT  \\$a10806$b40$c20180912$lBLL01$h1413
=CAT  \\$a15190$b40$c20190520$lBLL01$h0910
=CAT  \\$a8055$b40$c20190821$lBLL01$h1137
=CAT  \\$aW2011-1473$b00$c20201124$lBLL01$h1903
=FIN  \\$aY$d20110106
=LET  \0$aFocaal (Electronic)
=LKR  \\$aPAR$b008532126$lBLL01$r776$mFocaal (Online)$nFOCAAL -UTRECHT-.
=MNI  \\$a0920-1297
=SID  \\$aZ39$bOCLC
=STA  \\$aSUPPRESSED$bunable to determine reason for suppression
=TCO  \\$aTRS$bCCC$c008
=LAS  \\$aW2011-1473$b00$c20201124$lBLL01$h1903

