=LDR  02178 as a2200577 a 4500
=001  013465820
=003  Uk
=005  20121018161236.0
=006  m\\\\\\\\d\|\\\\\\
=007  cr||||||||||||
=008  060510c200u9999enker\p\s\\\\\0\\\a0eng\\
=FMT  \\$a  SE
=015  \\$aGBB0B2115$2bnb
=040  \\$aUk$beng$cUk$dUk
=042  \\$aukblsr
=082  04$a381.10941$222
=245  00$aRetail freeview$h[electronic resource].
=246  13$aUK retail freeview
=246  13$aRetailfreeview
=246  1\$iMinor title change:$aVerdict retail freeView,$fJune 14, 2012
=246  13$aFreeView
=246  13$aVerdict's retail freeView newsletter
=260  \\$aLondon :$bVerdict
=310  \\$aFortnightly
=321  \\$aWeekly
=336  \\$atext$2rdacontent
=337  \\$acomputer$2rdamedia
=338  \\$aonline resource$2rdacarrier
=538  \\$aMode of access: World Wide Web.
=538  \\$aSystem requirements: Adobe Acrobat Reader.
=500  \\$aSubtitled "a free weekly synopsis of retail news and opinion", after Mar. 2012 "a synopsis of retail news and opinion".
=500  \\$aDescription based on: 18 Aug. 2010 issue; title from PDF caption (publisher's Web site, viewed Sept. 16, 2010).
=588  \\$aLatest issue consulted: Oct. 4, 2012 (viewed Oct. 17, 2012).
=650  \0$aRetail trade$zGreat Britain$vPeriodicals.
=856  4\$uhttp://www.verdict.co.uk/news_freeview.htm$zTo subscribe
=859  \\$aELD$bejournal
=852  41$aBritish Library$bHMNTS$jELD Digital store$3(2013:May 02)-(2013:Jun. 13)
=CAT  \\$a10902$b40$c20060510$lBLL01$h1518
=CAT  \\$a10902$b40$c20060510$lBLL01$h1520
=CAT  \\$a10902$b40$c20060510$lBLL01$h1524
=CAT  \\$a8201E$b40$c20100916$lBLL01$h1532
=CAT  \\$a3072$b40$c20121018$lBLL01$h1603
=CAT  \\$a3072$b40$c20121018$lBLL01$h1612
=CAT  \\$aWR13.114$c20130717$lBLL01$h1313
=CAT  \\$aW1711-1225$c20171203$lBLL01$h1024
=CAT  \\$aW1711-1005$c20171206$lBLL01$h1819
=FIN  \\$aY$d20100916
=LET  \0$aRetailfreeview (electronic)
=STA  \\$aSUPPRESSED$bunable to determine reason for suppression
=TCO  \\$aCLA$bCLA$c008
=LAS  \\$aW1711-1005$b00$c20171206$lBLL01$h1819

