=LDR  03162cas a2200769 a 4500
=001  008563533
=003  Uk
=005  20220802125033.0
=006  m\\\\\|\\d\|\\\\\\
=007  cr\|||||||||||
=008  010305c20009999enkdr\p\o\\\\\0\\\a0eng\\
=FMT  \\$a  SE
=015  \\$aGBA332099$2bnb
=019  y\$abA332099
=019  9\$abA332099
=022  0\$a1473-4494$202
=040  \\$aUk$cUk$dUk
=042  \\$aissnuk
=082  04$a958.005$221
=222  \0$aBBC monitoring global newsline. Central Asia political$b(Online)
=245  00$aBBC monitoring global newsline.$pCentral Asia political$h[electronic resource].
=246  3\$aBritish Broadcasting Corporation monitoring global newsline. Central Asia political
=260  \\$aReading (Caversham Park, Reading RG4 8TZ) :$bBBC Monitoring,$c[2000]-
=310  \\$aDaily
=336  \\$atext$2rdacontent
=337  \\$acomputer$2rdamedia
=338  \\$aonline resource$2rdacarrier
=500  \\$aTitle from title screen.
=500  \\$aDescription based on: 05 Mar. 2001 issue.
=520  \\$aCovers reports from press and news media providing foreign news and an information service from open sources that can be tailored to individual needs.
=538  \\$aMode of access: email.
=651  \0$aAsia, Central$xHistory$y1991-$vSources$vPeriodicals.
=651  \0$aAsia, Central$xPolitics and government$y1991-$vSources$vPeriodicals.
=710  2\$aBritish Broadcasting Corporation.$bMonitoring Service.
=859  \\$aELD$bejournal
=856  4\$uhttp://www.monitor.bbc.co.uk/contactus.shtml$zFor subscription information
=886  2\$2ukmarc$a910$b20$aBritish Broadcasting Corporation$cMonitoring Service$xSee$aBBC Monitoring Service$z710
=852  41$aBritish Library$bHMNTS$jELD Digital store$3(2013:Apr. 06)-(2016:Nov. 09)
=985  \\$aCorrected by BSS-generated file for WR# 10/166
=985  \\$aCorrected by MS generated file for WR# 12.018
=A02  \\$a1106692$z106692
=CAT  \\$aCONV$b00$c20040425$lBLL90$h0714
=CAT  \\$aCONV$b00$c20040502$lBLL01$h1257
=CAT  \\$a11249$b40$c20050408$lBLL01$h1125
=CAT  \\$aBATCH$b00$c20091209$lBLL01$h0224
=CAT  \\$aBATCH$b00$c20091214$lBLL01$h0332
=CAT  \\$aBATCH$b00$c20091216$lBLL01$h0113
=CAT  \\$aBLSS-CORR$b00$c20101119$lBLL01$h1717
=CAT  \\$aBLSS-CORR$b00$c20120724$lBLL01$h1755
=CAT  \\$a8478$b40$c20130424$lBLL01$h1158
=CAT  \\$aWR13.114$c20130717$lBLL01$h1312
=CAT  \\$a3072$b40$c20140604$lBLL01$h1651
=CAT  \\$a3072$b40$c20140605$lBLL01$h1617
=CAT  \\$aWR14_140$c20140905$lBLL01$h1729
=CAT  \\$aWR15_120$c20150910$lBLL01$h1824
=CAT  \\$aW1711-1005$c20171206$lBLL01$h1814
=CAT  \\$a10983$b40$c20220802$lBLL01$h1250
=FIN  \\$aY
=LEO  \\$aMP5.0000021389
=LEO  \\$aMP22.0000066327
=LET  \0$aBBC monitoring global newsline. Central Asia political (Electronic)
=SRC  \\$aDSS04$bbibld.200404.2.aa
=SRC  \\$aBNB03$bbibmp5.200404.2.aa
=SRC  \\$aISN01$bbibmp22.200404.2.aa
=STA  \\$aSUPPRESSED$bContent not accessible as a result of PitStop issue
=TCO  \\$aCLA$bCLA$c008
=LAS  \\$a10983$b40$c20220802$lBLL01$h1250

