=LDR  03138cas a2200793 a 4500
=001  008566323
=003  Uk
=005  20220802124944.0
=006  m\\\\\|\\d\|\\\\\\
=007  cr||||||||||||
=008  010305c20009999enkdr\p\s\\\\\0\\\a0eng\\
=FMT  \\$a  SE
=015  \\$aGBA335024$2bnb
=019  y\$abA335024
=019  9\$abA335024
=022  \\$a1473-4575
=040  \\$aUk$cUk$dUk
=042  \\$aissnuk
=082  04$a384.05$221
=222  \0$aBBC Monitoring global newsline. Media$b(Online)
=245  00$aBBC monitoring global newsline.$pMedia$h[electronic resource].
=246  3\$aBritish Broadcasting Corporation Monitoring global newsline. Media File
=260  \\$aReading (Caversham Park, Reading RG4 8TZ) :$bBBC Monitoring,$c[2000]-
=310  \\$aDaily
=336  \\$atext$2rdacontent
=337  \\$acomputer$2rdamedia
=338  \\$aonline resource$2rdacarrier
=500  \\$aTitle from title screen.
=500  \\$aDescription based on: 01 Mar. 2001 issue.
=520  \\$aCovers reports from press and news media providing foreign news and an information service from open sources that can be tailored to individual needs.
=538  \\$aMode of access: email.
=650  \0$aBroadcasting$vSources$vPeriodicals.
=650  \0$aMass media$vSources$vPeriodicals.
=710  2\$aBritish Broadcasting Corporation.$bMonitoring Service.
=859  \\$aELD$bejournal
=856  4\$uhttp://www.monitor.bbc.co.uk/contactus.shtml$zFor subscription information
=886  2\$2ukmarc$a910$b20$aBritish Broadcasting Corporation$cMonitoring Service$xSee$aBBC Monitoring Service$z710
=852  41$aBritish Library$bHMNTS$jELD Digital store$3(2013:Apr. 06)-(2016:Nov. 09)
=985  \\$aCorrected by BSS-generated file for WR# 10/166
=985  \\$aCorrected by MS generated file for WR# 12.018
=A02  \\$a1106681$z106681
=CAT  \\$aCONV$b00$c20040425$lBLL90$h0714
=CAT  \\$aCONV$b00$c20040502$lBLL01$h1257
=CAT  \\$a11249$b40$c20050408$lBLL01$h1110
=CAT  \\$aBATCH$b00$c20091209$lBLL01$h0225
=CAT  \\$aBATCH$b00$c20091214$lBLL01$h0333
=CAT  \\$aBATCH$b00$c20091216$lBLL01$h0113
=CAT  \\$aBLSS-CORR$b00$c20101119$lBLL01$h1717
=CAT  \\$aBLSS-CORR$b00$c20120724$lBLL01$h1755
=CAT  \\$a8478$b40$c20130423$lBLL01$h1409
=CAT  \\$aWR13.114$c20130717$lBLL01$h1312
=CAT  \\$a3072$b40$c20140604$lBLL01$h1630
=CAT  \\$a3072$b40$c20140604$lBLL01$h1631
=CAT  \\$a3072$b40$c20140605$lBLL01$h1615
=CAT  \\$a8411$b40$c20140730$lBLL01$h1036
=CAT  \\$aWR14_140$c20140905$lBLL01$h1729
=CAT  \\$aWR15_120$c20150910$lBLL01$h1824
=CAT  \\$aW1711-1005$c20171206$lBLL01$h1814
=CAT  \\$a10983$b40$c20220802$lBLL01$h1249
=FIN  \\$aY
=LEO  \\$aMP5.0000021741
=LEO  \\$aMP22.0000066335
=LET  \0$aBBC monitoring global newsline. Media (Electronic)
=SRC  \\$aDSS04$bbibld.200404.2.aa
=SRC  \\$aBNB03$bbibmp5.200404.2.aa
=SRC  \\$aISN01$bbibmp22.200404.2.aa
=STA  \\$aSUPPRESSED$bContent not accessible as a result of PitStop issue
=TCO  \\$aCLA$bCLA$c008
=LAS  \\$a10983$b40$c20220802$lBLL01$h1249

