=LDR  02911cas a2200697 i 4500
=001  007206862
=003  Uk
=005  20220802130015.0
=006  m\\\\\|\\d\|\\\\\\
=007  cr\|||||||||||
=008  010305c20009999enkdr\p\o\\\\\0\\\a0eng\\
=FMT  \\$a  SE
=015  \\$aGBB458625$2bnb
=022  \\$a1473-4532$202
=040  \\$aUk$beng$cUk$erda
=042  \\$aukblsr$aissnuk
=082  04$a947.005$223
=222  \0$aBBC monitoring global newsline. FSU political$b(Online)
=245  00$aBBC monitoring global newsline.$pFormer Soviet Union political.
=246  3\$aBBC monitoring global newsline.$pFSU political
=246  3\$aBritish Broadcasting Corporation monitoring global newsline.$pFormer Soviet Union political
=260  \\$aReading :$bBBC Monitoring,$c[2000]-
=310  \\$aDaily
=336  \\$atext$2rdacontent
=337  \\$acomputer$2rdamedia
=338  \\$aonline resource$2rdacarrier
=362  1\$aBegan in 2000.
=520  \\$aCovers reports from press and news media providing foreign news and an information service from open sources that can be tailored to individual needs.
=588  \\$aDescription based on: 2 June 2014 issue; title from caption (issue downloaded June 5, 2014).
=651  \0$aFormer Soviet Republics$xPolitics and government$vSources$vPeriodicals.
=651  \0$aFormer Soviet Republics$xHistory$vSources$vPeriodicals.
=710  2\$aBritish Broadcasting Corporation.$bMonitoring Service,$eissuing body.
=856  4\$uhttp://www.monitor.bbc.co.uk/contactus.shtml$zTo subscribe
=859  \\$aELD$bejournal
=852  41$aBritish Library$bHMNTS$jELD Digital store$3(2013:Apr. 06)-(2016:Nov. 09)
=985  \\$aGone with precedents for 9XX (320.9 also a possibility)
=A02  \\$a1106686$z106686
=CAT  \\$aCONV$b00$c20040425$lBLL90$h0713
=CAT  \\$aCONV$b00$c20040502$lBLL01$h1212
=CAT  \\$a11249$b40$c20050407$lBLL01$h1552
=CAT  \\$aBATCH$b00$c20091207$lBLL01$h0420
=CAT  \\$aBATCH$b00$c20091214$lBLL01$h0226
=CAT  \\$aBATCH$b00$c20091216$lBLL01$h0045
=CAT  \\$aBLSS-CORR$b00$c20101119$lBLL01$h1715
=CAT  \\$a8478$b40$c20130423$lBLL01$h1441
=CAT  \\$aWR13.114$c20130717$lBLL01$h1312
=CAT  \\$a3072$b40$c20140605$lBLL01$h1506
=CAT  \\$a3072$b40$c20140605$lBLL01$h1612
=CAT  \\$aWR15_120$c20150910$lBLL01$h1824
=CAT  \\$aBATCH-UPD$b00$c20160113$lBLL01$h1201
=CAT  \\$aBATCH-UPD$b00$c20160114$lBLL01$h1800
=CAT  \\$aW1711-1005$c20171206$lBLL01$h1814
=CAT  \\$a10983$b40$c20220802$lBLL01$h1300
=FIN  \\$aY
=LEO  \\$aMP22.0000066331
=LET  \0$aBBC monitoring global newsline. Former Soviet Union political (Electronic)
=SRC  \\$aDSS04$bbibld.200404.2.aa
=SRC  \\$aISN01$bbibmp22.200404.2.aa
=STA  \\$aSUPPRESSED$bContent not accessible as a result of PitStop issue
=TCO  \\$aCLA$bCLA$c008
=LAS  \\$a10983$b40$c20220802$lBLL01$h1300

