=LDR  02750cas a2200673 i 4500
=001  007210457
=003  Uk
=005  20140509135144.0
=006  m\\\\\\\\d\|\\\\\\
=007  cr||||||||||||
=008  040417d200u2013enkwr|\\o\\\\\0\\\a0eng\\
=FMT  \\$a  SE
=022  0\$a1755-4675$202
=040  \\$aUk$beng$cUk$erda
=042  \\$aissnuk$aukblsr
=082  04$a379.429$223
=222  \0$aEducation parliamentary monitor. Wales/Cymru
=245  00$aEducation parliamentary monitor.$pWales/Cymru.
=246  3\$aEducation parliamentary monitor.$pWales
=246  3\$aEducation parliamentary monitor.$pCymru
=246  13$aEPM Wales/Cymru
=250  \\$aWeekly edition.
=264  \1$aCrediton :$bEducation Publishing Worldwide Ltd
=310  \\$aWeekly
=336  \\$atext$2rdacontent
=337  \\$acomputer$2rdamedia
=338  \\$aonline resource$2rdacarrier
=362  1\$aCeased in December 2013.
=588  \\$aDescription based on: No. 350 (Monday 4 February, 2008); title from caption (publisher's Web site, viewed May 9, 2014).
=650  \0$aEducation and state$zWales$vPeriodicals.
=650  \0$aChildren$xServices for$zWales$vPeriodicals.
=650  \0$aChildren$xGovernment policy$zWales$vPeriodicals.
=785  00$tEducation parliamentary monitor. Weekly debates. Wales/Cymru (2014)$x2054-9474
=856  40$uhttp://www.educationpublishing.com/subscriptions.html$zTo subscribe
=859  \\$aELD$bejournal
=852  41$aBritish Library$bHMNTS$jELD Digital store$3Issue 601(2013:Apr. 22)-Issue 634(2013:Dec. 16)
=945  \\$aEDUCATION PARLIAMENTARY MONITOR WALES - DIGITAL STORE
=A02  \\$a3015834$z0
=CAT  \\$aCONV$b00$c20040425$lBLL90$h0713
=CAT  \\$aCONV$b00$c20040502$lBLL01$h1212
=CAT  \\$a11249$b40$c20050407$lBLL01$h1458
=CAT  \\$a11316$b40$c20070723$lBLL01$h1046
=CAT  \\$aBATCH$b00$c20091207$lBLL01$h0421
=CAT  \\$aBATCH$b00$c20091214$lBLL01$h0227
=CAT  \\$aBATCH$b00$c20091216$lBLL01$h0046
=CAT  \\$a3072$b40$c20110915$lBLL01$h1653
=CAT  \\$aWR13.005$c20130323$lBLL01$h1311
=CAT  \\$aWR13.114$c20130717$lBLL01$h1312
=CAT  \\$a11316$b40$c20140509$lBLL01$h1348
=CAT  \\$a11316$b40$c20140509$lBLL01$h1351
=CAT  \\$aW1711-1225$c20171203$lBLL01$h1018
=CAT  \\$aW1711-1005$c20171206$lBLL01$h1814
=FIN  \\$aY$d20070723
=LET  \0$aEducation parliamentary monitor. Wales/Cymru (Electronic)
=LKR  \\$aPAR$b016607169$lBLL01$nEducation parliamentary monitor. Weekly debates. Wales/Cymru$mEducation parliamentary monitor. Wales/Cymru$r78500
=SRC  \\$aDSS04$bbibld.200404.2.aa
=STA  \\$aSUPPRESSED$bunable to determine reason for suppression
=TCO  \\$aCLA$bCLA$c008
=LAS  \\$aW1711-1005$b00$c20171206$lBLL01$h1814

