=LDR  01766cas a2200445 i 4500
=001  019836778
=003  Uk
=005  20200708135501.0
=006  m\\\\\|\\d\|\\\\\\
=007  cr\|||||||||||
=008  200708c20179999enkdn\p\o\\\\\0\\\a0eng\\
=FMT  \\$a  SE
=015  \\$aGBC083946$2bnb
=040  \\$aUk$beng$cUk$erda
=042  \\$aukblsr
=082  04$a333.79094105$223
=130  0\$aDaily bulletin (Cornwall Insight (Firm))
=245  10$aDaily bulletin /$cCornwall Insight.
=264  \1$a[Norwich] :$bCornwall Insight,$c[2017]-
=310  \\$aDaily (weekdays)
=336  \\$atext$2rdacontent
=337  \\$acomputer$2rdamedia
=338  \\$aonline resource$2rdacarrier
=588  \\$aDescription based on: issue 3612 (16 January 2020); title from PDF caption.
=650  \0$aEnergy industries$zGreat Britain$vPeriodicals.
=650  \0$aEnergy policy$zGreat Britain$vPeriodicals.
=710  2\$aCornwall Insight (Firm),$eissuing body.
=780  00$tDaily bulletin (Cornwall Energy Associates)
=856  4\$uhttps://www.cornwall-insight.com/publications/energy-market-bulletin$zTo subscribe
=859  \\$aELD$bejournal
=852  41$aBritish Library$bHMNTS$jELD Digital store$3(2020:Jul. 23)-
=985  \\$aCatalogued via VPN; Missed C/T but only started retaking this in Jan 2020, so large gap anyway (+embargoed)
=CAT  \\$a3072$b40$c20200708$lBLL01$h1154
=CAT  \\$a3072$b40$c20200708$lBLL01$h1244
=CAT  \\$a3072$b40$c20200708$lBLL01$h1355
=FIN  \\$aY$d20200708
=LET  \0$aDaily bulletin - Cornwall Insight (Electronic)
=LKR  \\$aPAR$b014843468$lBLL01$nDaily bulletin (Cornwall Energy Associates)$mDaily bulletin (Cornwall Insight)$r78000
=STA  \\$aSUPPRESSED$bEmbargoed content
=LAS  \\$a3072$b40$c20200708$lBLL01$h1355

