=LDR  01756cas a2200445 i 4500
=001  019836798
=003  Uk
=005  20220127144840.0
=006  m\\\\\|\\d\|\\\\\\
=007  cr\|||||||||||
=008  200708d2020202uenkwr\p\o\\\\\0\\\a0eng\\
=FMT  \\$a  SE
=040  \\$aUk$beng$cUk$dUk$erda
=042  \\$aukblsr
=082  04$a333.790941$223
=130  0\$aDaily bulletin (Cornwall Insight (Firm)).$pWeekly update.
=245  10$aDaily bulletin.$pWeekly update /$cCornwall Insight.
=264  \1$a[Norwich] :$bCornwall Insight
=310  \\$aWeekly
=336  \\$atext$2rdacontent
=337  \\$acomputer$2rdamedia
=338  \\$aonline resource$2rdacarrier
=362  0\$aIssue 1 (27 March 2020)-
=500  \\$aTitle from PDF caption.
=610  20$aCornwall Insight (Firm)$vCurricula.
=650  \0$aEnergy industries$zGreat Britain$vPeriodicals.
=650  \0$aEnery industries$xComputer-assisted instruction$vPeriodicals.
=710  2\$aCornwall Insight (Firm),$eissuing body.
=856  4\$uhttps://www.cornwall-insight.com/publications/$zTo subscribe
=859  \\$aELD$bejournal
=852  41$aBritish Library$bHMNTS$jELD Digital store$3Issue 1(2020)-Issue 2(2020)
=985  \\$aCatalogued via VPN; This may be a temporary publication set up with the start of the Covid lockdown & with the emphasis on online courses; 27/1/21 - closed as no further issues sent in.
=CAT  \\$a3072$b40$c20200708$lBLL01$h1242
=CAT  \\$a3072$b40$c20200708$lBLL01$h1356
=CAT  \\$a3072$b40$c20200708$lBLL01$h1405
=CAT  \\$a3072$b40$c20220127$lBLL01$h1448
=FIN  \\$aY$d20200708
=LET  \0$aDaily bulletin. Weekly update - Cornwall Insight (Electronic)
=STA  \\$aSUPPRESSED$bEmbargoed content
=LAS  \\$a3072$b40$c20220127$lBLL01$h1448

