=LDR  02120cas a2200517 i 4500
=001  019839716
=003  Uk
=005  20200714115507.0
=006  m\\\\\|\\d\|\\\\\\
=007  cr\|||||||||||
=008  200714c20209999enkwr\\\o\\\\\0\\\a0eng\\
=FMT  \\$a  SE
=015  \\$aGBC084347$2bnb
=022  0\$a2634-9078$y1748-7625$202
=040  \\$aUk$beng$cUk$erda
=042  \\$aukblsr$aissnuk
=082  04$a614.588$223
=222  \0$aEducation parliamentary monitor. Weekly COVID-19 Announcements
=245  00$aEducation parliamentary monitor.$pWeekly COVID-19 Announcements.
=246  30$aWeekly COVID-19 Announcements
=264  \1$a[Oakhampton, Devon] :$bEducation Publishing Worldwide Ltd,$c2020-
=264  \2$aOakhampton, Devon :$bEducation Publishing Company Ltd
=310  \\$aWeekly
=336  \\$atext$2rdacontent
=337  \\$acomputer$2rdamedia
=338  \\$aonline resource$2rdacarrier
=515  \\$aNumbering began at <931> and corresponds to the numbering of other journals from this publisher.
=516  \\$aIn WORD format.
=538  \\$aMode of access: email.
=588  \\$aDescription based on: No. 931 (Monday 8 June, 2020) ; title from: PDF caption.
=588  \\$aLatest issue consulted: No. 934 (Monday 29 June, 2020).
=650  \0$aCOVID-19 (Disease)$xGovernment policy$vPeriodicals.
=650  \0$aEducation$xGovernment policy$zGreat Britain$vPeriodicals.
=650  \0$aChildren$xGovernment policy$zGreat Britain$vPeriodicals.
=856  4\$uhttps://www.educationpublishing.com/currency.shtml$zTo subscribe
=859  \\$aELD$bejournal
=852  41$aBritish Library$bHMNTS$jELD Digital store$3Number 928(2020:May 18)-
=985  \\$aReceived via email only. Viewed as Word documents 14/7/20
=985  \\$aCatalogued via VPN, July 2020
=CAT  \\$a8124$b40$c20200714$lBLL01$h0905
=CAT  \\$a8124$b40$c20200714$lBLL01$h1151
=CAT  \\$a8124$b40$c20200714$lBLL01$h1155
=FIN  \\$aY$d20200714
=LET  \0$aEducation parliamentary monitor. Weekly COVID-19 Announcements (Electronic)
=STA  \\$aSUPPRESSED$bEmbargoed content
=LAS  \\$a8124$b40$c20200714$lBLL01$h1155

