=LDR  01847cas a2200493 i 4500
=001  019923884
=003  Uk
=005  20220224164903.0
=006  m\\\\\|\\d\|\\\\\\
=007  cr\|||||||||||
=008  181120c20189999enkwr\p\o\\\\\0\\\a0eng\\
=FMT  \\$a  SE
=015  \\$aGBC0D2553$2bnb
=040  \\$aUk$beng$cUk$dUk$erda
=042  \\$aukblsr
=082  04$a333.7909415$223
=245  00$aSEM and commodity pricing report.
=246  1\$iMinor title change:$aSEM commodity and pricing report$f<22 February 2022>-
=264  \1$a[Norwich] :$bCornwall Insight,$c2018-
=300  \\$billustrations (colour)
=310  \\$aWeekly
=336  \\$atext$2rdacontent
=337  \\$acomputer$2rdamedia
=338  \\$aonline resource$2rdacarrier
=362  0\$aWeek ending 23 August-
=500  \\$aTitle from PDF cover.
=650  \0$aEnergy industries$zIreland$vPeriodicals.
=650  \0$aPower resources$zIreland$vPeriodicals.
=650  \0$aEnergy policy$zIreland$vPeriodicals.
=650  \0$aCommodity futures$zIreland$vPeriodicals.
=710  2\$aCornwall Insight (Firm),$eissuing body.
=780  00$tIrish energy market bulletin
=856  4\$uhttp://www.cornwallenergy.com/$zTo subscribe
=859  \\$aELD$bejournal
=852  41$aBritish Library$bHMNTS$jELD Digital store$3(2020:Aug. 25)-
=985  \\$aCatalogued via VPN, Sep 2020; I don't what SEM stands for to add 246; I think 22 Feb 22 change counts as minor.
=CAT  \\$a3072$b40$c20200903$lBLL01$h1641
=CAT  \\$a3072$b40$c20200903$lBLL01$h1644
=CAT  \\$a3072$b40$c20220224$lBLL01$h1649
=FIN  \\$aY$d20200903
=LET  \0$aSEM and commodity pricing report (Electronic)
=LKR  \\$aPAR$b019130812$lBLL01$nIrish energy market bulletin$mSEM and commodity pricing report$r78000
=STA  \\$aSUPPRESSED$bEmbargoed content
=LAS  \\$a3072$b40$c20220224$lBLL01$h1649

