=LDR  01945 as a2200505 a 4500
=001  020284869
=003  Uk
=005  20210806065321.0
=006  m\\\\\|\\d\|\\\\\\
=007  cr\|||||||||||
=008  210805d19972013enkfr\\\o\\\\\0\\\a0eng\\
=FMT  \\$a  SE
=015  \\$aGBC1C9185$2bnb
=022  0\$a2756-2026$202
=040  \\$aUk$beng$cUk$erda
=042  \\$aukblsr$aissnuk
=082  04$a370.5$223
=130  0\$aEducation review (London, England)
=210  0\$aEduc. rev.$b(Lond. Online)
=222  \0$aEducation review$b(London. Online)
=245  10$aEducation review.
=260  \\$aLondon (Hamilton House, Mabledon Pl., London WC1H 9BD) :$bNUT
=264  31$aCrediton, Devon :$bpublished for the NUT by the Education Publishing Company Ltd
=310  \\$aSemi-annual
=336  \\$atext$2rdacontent
=337  \\$acomputer$2rdamedia
=338  \\$aonline resource$2rdacarrier
=362  1\$aPrint began with vol.11, no.1 (summer 1997).
=500  \\$aProduced by the Education and Equal Opportunities Department of the NUT.
=515  \\$aNot published: 2014-2017.
=588  \\$aDescription based on print version record.
=588  \\$aLatest issue consulted: volume 25, number 1 (summer 2013) (viewed August 5, 2021).
=710  2\$aNational Union of Teachers.$bEducation and Equal Opportunities Department.
=776  08$iAlso issued in print as:$tEducation review (London, England)$x1462-7272
=785  00$tEducation journal review$x2756-2034
=856  4\$uhttps://www.educationpublishing.com$zTo subscribe
=859  \\$aELD$bejournal
=852  41$aBritish Library$bHMNTS$jELD Digital store$3Volume 25:Issue 1(2013)
=CAT  \\$a3072$b40$c20210805$lBLL01$h1437
=CAT  \\$a3072$b40$c20210805$lBLL01$h1439
=CAT  \\$a3072$b40$c20210805$lBLL01$h1444
=CAT  \\$a10973$b40$c20210806$lBLL01$h0653
=FIN  \\$aY$d20210805
=STA  \\$aSUPPRESSED$bEmbargoed content
=LAS  \\$a10973$b40$c20210806$lBLL01$h0653

