=LDR  01896cas a2200505 i 4500
=001  020284874
=003  Uk
=005  20210809131107.0
=006  m\\\\\|\\d\|\\\\\\
=007  cr\|||||||||||
=008  210805c20189999enktr\p\o\\\\\0\\\a0eng\\
=FMT  \\$a  SE
=015  \\$aGBC1C9187$2bnb
=022  0\$a2756-2034$y1462-7272$202
=040  \\$aUk$beng$cUk$erda
=042  \\$aukblsr$aissnuk
=082  04$a379.4205$223
=222  \0$aEducation journal review
=245  00$aEducation journal review.
=264  \1$aOakhampton, Devon :$bpublished under licence by the Education Publishing Company Ltd,$c2018-
=310  \\$a3 issues a year
=336  \\$atext$2rdacontent
=337  \\$acomputer$2rdamedia
=338  \\$aonline resource$2rdacarrier
=362  0\$aVolume 25, number 2 (2018)-
=500  \\$aTitle from PDF title page (publisher's Web site, viewed August 5, 2021).
=515  \\$aNot published: 2014-2017; 2019.
=588  \\$aLatest issue consulted: volume 27, number 2 (July 2021).
=650  \0$aEducation and state$zEngland$vPeriodicals.
=650  \0$aEducation$xResearch$zEngland$vPeriodicals.
=650  \0$aEducation$zEngland$vPeriodicals.
=780  10$tEducation review (London, England)$x2756-2026
=856  4\$uhttps://www.educationpublishing.com$zTo subscribe
=859  \\$aELD$bejournal
=852  41$aBritish Library$bHMNTS$jELD Digital store$3Volume 25:Issue 2(2018)-
=985  \\$aNot linked with print 007847459 as this one continues the online version.
=CAT  \\$a3072$b40$c20210805$lBLL01$h1440
=CAT  \\$a3072$b40$c20210805$lBLL01$h1444
=CAT  \\$a3072$b40$c20210805$lBLL01$h1500
=CAT  \\$a3072$b40$c20210805$lBLL01$h1511
=CAT  \\$a10806$b40$c20210809$lBLL01$h1311
=FIN  \\$aY$d20210805
=LET  \0$aEducation journal review (Electronic)
=STA  \\$aSUPPRESSED$bEmbargoed content
=LAS  \\$a10806$b40$c20210809$lBLL01$h1311

