=LDR  02701 as a2200553 i 4500
=001  018746745
=003  Uk
=005  20180621113714.0
=006  m\\\\\|\\d\|\\\\\\
=007  cr\|||||||||||
=008  180215c20169999ie\uu\p\o\\\\\0\\\a0eng\\
=FMT  \\$a  SE
=040  \\$aUk$beng$cUk$erda
=042  \\$aukblsr
=082  04$a307.14$223
=245  00$aVitalSigns /$cThe Community Foundation for Ireland.
=246  3\$aVital signs
=264  \1$aDublin :$bThe Community Foundation for Ireland
=336  \\$atext$2rdacontent
=337  \\$acomputer$2rdamedia
=338  \\$aonline resource$2rdacarrier
=362  0\$a2016-
=500  \\$aIncludes special issues e.g. VitalSigns 2016: belonging.
=500  \\$aTitle from PDF cover (publisher's Web site, viewed February 15, 2018).
=588  \\$aLatest issue consulted: 2017 (viewed February 15, 2018).
=650  \0$aWell-being$zIreland$vPeriodicals.
=650  \0$aWell-being$zIreland$vStatistics$vPeriodicals.
=650  \0$aWell-being$zIreland$xPublic opinion$vPeriodicals.
=650  \0$aSocial indicators$zIreland$vPeriodicals.
=650  \0$aCommunity development$zIreland$vPeriodicals.
=710  2\$aCommunity Foundation for Ireland,$eissuing body.
=787  0\$tIreland's vitalsigns.$bExtended edition
=856  4\$uhttp://www.communityfoundation.ie/insights/vitalsigns$zFollow links to resource
=859  \\$aELD$bejournal
=852  41$aBritish Library$bHMNTS$jDigital store$3(2016)-(2017)
=985  \\$aUnsure whether this counts as a continuation from 016737857 - 787 added; from 2017 there's this "full version", and a shorter version calling itself a "supplement", which we are not taking (from 2013-2015 there was an "extended" and "highlights" version); possibly annual now - was biannual; 2016 a special issue - hopefully more straightforward now with just this one "full" version to deal with; 016737710 not mentioned - as it is so insubstantial; this would be VDEP; however PT has said we are not now adding VDEP admin data, so nothing against this record - GC 21/6/18
=CAT  \\$a3072$b40$c20180215$lBLL01$h1308
=CAT  \\$a3072$b40$c20180215$lBLL01$h1322
=CAT  \\$a3072$b40$c20180215$lBLL01$h1325
=CAT  \\$a3072$b40$c20180219$lBLL01$h1348
=CAT  \\$a3072$b40$c20180219$lBLL01$h1350
=CAT  \\$a3072$b40$c20180219$lBLL01$h1353
=CAT  \\$a3072$b40$c20180620$lBLL01$h1445
=CAT  \\$a3072$b40$c20180621$lBLL01$h1137
=FIN  \\$aY$d20180215
=LET  \0$aVitalSigns (Electronic)
=LKR  \\$aPAR$b016737857$lBLL01$nVitalsigns$mIreland's vitalsigns. Extended edition$r787
=STA  \\$aSUPPRESSED$bunable to determine reason for suppression
=LAS  \\$a3072$b40$c20180621$lBLL01$h1137

