=LDR  02676cas a2200529 i 4500
=001  019261017
=003  Uk
=005  20190220141634.0
=006  m\\\\\|\\d\|\\\\\\
=007  cr\|||||||||||
=008  190220c20199999enkwn\p\o\\\\o0\\\a0eng\\
=FMT  \\$a  SE
=015  \\$aGBB934439$2bnb
=022  0\$a2632-3508$y1748-7625$202
=040  \\$aUk$beng$cUk$erda
=042  \\$aukblsr$aissnuk
=082  04$a370.942021$223
=222  \0$aEducation parliamentary monitor. Weekly statistics
=245  00$aEducation parliamentary monitor.$pWeekly statistics.
=264  \1$aDevon :$bEducation Publishing Worldwide Ltd.,$c2019-
=310  \\$aWeekly (when House in session)
=336  \\$atext$2rdacontent
=337  \\$acomputer$2rdamedia
=338  \\$aonline resource$2rdacarrier
=362  0\$aNo. 862 (Monday 14 January, 2019)-
=500  \\$a"Gives statistics from government departments and agencies, or publications connected with statistics ...".
=500  \\$aTitle from Word caption.
=515  \\$aNumbering starts with no. 862, the same numbering as for the other EPM weekly titles issued that week.
=588  \\$aLatest issue consulted: no. 867 (Monday 18 February, 2019).
=650  \0$aEducation$zEngland$vStatistics$vPeriodicals.
=856  4\$uhttps://www.educationpublishing.com/parliament.shtml$zTo subscribe
=859  \\$aELD$bejournal
=852  41$aBritish Library$bHMNTS$jELD Digital store$3Issue 862(2019:Jan. 14)-
=985  \\$aDO NOT CONFUSE WITH 007884403 OR 007032164.
=985  \\$aDescribed as a "new section of Education parliamentary monitor" - caption page. Possibly a a CT or reprise of 007884403 "Education parliamentary monitor. Weekly statistics. Westminster" (but rec'd to 2014 & don't know if another title inbetween) or 007032164 Education parliamentary monitor. Weekly statistics report" (2000- but no items) - unsure whether subject coverage different (this one: statistics from gov depts and agencies etc) - numbering is no clue because all EPM weeklies have same numbering (e.g. all will be no. 862 for 14 Jan 2019). Too long a gap. Created new record with no links to anything.
=CAT  \\$a3072$b40$c20190220$lBLL01$h1217
=CAT  \\$a3072$b40$c20190220$lBLL01$h1229
=CAT  \\$a3072$b40$c20190220$lBLL01$h1327
=CAT  \\$a3072$b40$c20190220$lBLL01$h1334
=CAT  \\$a3072$b40$c20190220$lBLL01$h1335
=CAT  \\$a3072$b40$c20190220$lBLL01$h1339
=CAT  \\$a3072$b40$c20190220$lBLL01$h1416
=FIN  \\$aY$d20190220
=LET  \0$aEducation parliamentary monitor. Weekly statistics (Electronic)
=MNI  \\$a2632-3508
=STA  \\$aSUPPRESSED$bEmbargoed content
=LAS  \\$a3072$b40$c20190220$lBLL01$h1416

