=LDR  02286cas a2200505 i 4500
=001  019440243
=003  Uk
=005  20190619112423.0
=006  m\\\\\|\\d\|\\\\\\
=007  cr\|||||||||||
=008  190618c20199999enkwn\\\o\\\\o0\\\a0eng\\
=FMT  \\$a  SE
=015  \\$aGBB9B0516$2bnb
=022  0\$a2632-847X$202$y1748-7625
=040  \\$aUk$beng$cUk$erda
=042  \\$aukblsr$aissnuk
=082  04$a379.4105$223
=222  \0$aEducation parliamentary monitor. Weekly policy papers
=245  00$aEducation parliamentary monitor.$pWeekly policy papers.
=246  30$aWeekly policy papers
=246  13$aEPM weekly policy papers
=264  \1$aOakhampton :$bEducation Publishing Worldwide Ltd,$c2019-
=310  \\$aWeekly, when Parliament in session
=336  \\$atext$2rdacontent
=337  \\$acomputer$2rdamedia
=338  \\$aonline resource$2rdacarrier
=362  0\$aNo. 878 (Tuesday 7 May, 2019)-
=500  \\$a"EPM Weekly Policy Papers gives details of all policy papers published by Government departments connected with education, training and children's services. With this issue we expand coverage to include policy publications from the parliamentary libraries and think tanks" - caption page, No. 878.
=500  \\$aTitle from Word caption.
=610  10$aGreat Britain.$bParliament$vPeriodicals.
=650  \0$aEducation and state$zGreat Britain$vPeriodicals.
=650  \0$aChildren$xServices for$zGreat Britain$vPeriodicals.
=650  \0$aChildren$xGovernment policy$zGreat Britain$vPeriodicals.
=780  00$tEducation parliamentary monitor. Weekly Whitehall policy papers$x2632-430X
=856  00$uhttp://www.educationpublishing.com/$zTo subscribe
=859  \\$aELD$bejournal
=852  41$aBritish Library$bHMNTS$jELD Digital store$3Issue 878(2019:May 06)-Number 1032(2022:Sep. 12)
=CAT  \\$a3072$b40$c20190618$lBLL01$h1740
=CAT  \\$a3072$b40$c20190619$lBLL01$h1110
=CAT  \\$a3072$b40$c20190619$lBLL01$h1112
=CAT  \\$a3072$b40$c20190619$lBLL01$h1124
=FIN  \\$aY$d20190619
=LKR  \\$aPAR$b019397715$lBLL01$nEducation parliamentary monitor. Weekly Whitehall policy papers$mEducation parliamentary monitor. Weekly policy papers$r78000
=STA  \\$aSUPPRESSED$bEmbargoed content
=LAS  \\$a3072$b40$c20190619$lBLL01$h1124

