=LDR  01712cas a2200457 i 4500
=001  019535120
=003  Uk
=005  20190904095026.0
=006  m\\\\\|\\d\|\\\\\\
=007  cr\|||||||||||
=008  190904c20199999enkwr\p\o\\\\\0\\\a0eng\\
=FMT  \\$a  SE
=040  \\$aUk$beng$cUk$erda
=042  \\$aukblsr
=082  04$a363.610941$223
=245  00$aWater weekly.
=264  \1$a[Norwich] :$bCornwall Insight
=300  \\$billustrations (colour)
=310  \\$aWeekly
=336  \\$atext$2rdacontent
=337  \\$acomputer$2rdamedia
=338  \\$aonline resource$2rdacarrier
=362  1\$aBegan in 2019.
=588  \\$aDescription based on: issue 3 (18 April 2019); title from PDF caption.
=588  \\$aLatest issue consulted: issue 15 (12 July 2019).
=650  \0$aWater utilities$zGreat Britain$xPlanning$vPeriodicals.
=650  \0$aWater utilities$zGreat Britain$xFinance$vPeriodicals.
=650  \0$aWater-supply$xEconomic aspects$zGreat Britain$vPeriodicals.
=650  \0$aWater-supply$xManagement$zGreat Britain$vPeriodicals.
=650  \0$aWater-supply$xLaw and legislation$zGreat Britain$vPeriodicals.
=710  2\$aCornwall Insight,$eissuing body.
=780  00$tWater spectrum (North Walsham, England)
=856  4\$uhttps://www.cornwall-insight.com/publications/water-weekly-$zTo subscribe
=859  \\$aELD$bejournal
=852  41$aBritish Library$bHMNTS$jELD Digital store$3Issue 3(2019)-Issue 112(2021)
=CAT  \\$a8483$b40$c20190904$lBLL01$h0950
=FIN  \\$aY$d20190904
=LET  \0$aWater weekly (Electronic)
=LKR  \\$aPAR$b018815574$lBLL01$r78000$nWater spectrum$mWater weekly.
=STA  \\$aSUPPRESSED$bEmbargoed content
=LAS  \\$a8483$b40$c20190904$lBLL01$h0950

