=LDR  01751cas a2200469 i 4500
=001  019541775
=003  Uk
=005  20200708144950.0
=006  m\\\\\|\\d\|\\\\\\
=007  cr\|||||||||||
=008  190911c201u9999enkwr\p\o\\\\\0\\\a0eng\\
=FMT  \\$a  SE
=015  \\$aGBB9F6979$2bnb
=040  \\$aUk$beng$cUk$dUk$erda
=042  \\$aukblsr
=082  04$a333.790941$223
=245  00$aEnergy market bulletin.
=264  \1$a[Norwich] :$bCornwall Insight
=300  \\$billustrations (colour)
=310  \\$aWeekly
=336  \\$atext$2rdacontent
=337  \\$acomputer$2rdamedia
=338  \\$aonline resource$2rdacarrier
=500  \\$a<January 13 2020>- issue accompanied by PDF entitled: Energy market bulletin. Monthly webinar.
=588  \\$aDescription based on: 29 July 2019 issue; title from PDF cover.
=588  \\$aLatest issue consulted: January 2020 monthly webinar.
=650  \0$aEnergy industries$zGreat Britain$vPeriodicals.
=650  \0$aPower resources$zGreat Britain$vPeriodicals.
=650  \0$aEnergy policy$zGreat Britain$vPeriodicals.
=650  \0$aCommodity futures$zGreat Britain$vPeriodicals.
=650  \0$aMarket surveys$zGreat Britain$vPeriodicals.
=710  2\$aCornwall Insight (Firm),$eissuing body.
=856  4\$uhttps://www.cornwall-insight.com/publications/energy-market-bulletin$zTo subscribe
=859  \\$aELD$bejournal
=852  41$aBritish Library$bHMNTS$jELD Digital store$3(2019:Jul. 22)-
=CAT  \\$a8124$b40$c20190911$lBLL01$h0811
=CAT  \\$a3072$b40$c20200708$lBLL01$h1448
=CAT  \\$a3072$b40$c20200708$lBLL01$h1449
=FIN  \\$aY$d20190911
=LET  \0$aEnergy market bulletin (Electronic)
=STA  \\$aSUPPRESSED$bEmbargoed content
=LAS  \\$a3072$b40$c20200708$lBLL01$h1449

