=LDR  02980cas a2200649 i 4500
=001  019558229
=003  Uk
=005  20191014171848.0
=006  m\\\\\|\\d\|\\\\\\
=007  cr\|||||||||||
=008  191001c19769999enkmr\p\o\\\\o0\\\a0eng\\
=FMT  \\$a  SE
=015  \\$aGBB9G5587$2bnb
=022  0\$a2633-2590$202
=040  \\$aUk$beng$cUk$dUk$erda
=042  \\$aukblsr$aissnuk
=082  04$a338.476690952$223
=210  0\$aRLJ, Roskill's lett. Jpn.$b(Online)
=222  \0$aRLJ. Roskill's letter from Japan$b(Online)
=245  00$aRoskill's letter from Japan.
=246  11$aNihon no shinkinzoku kogyokai o bunseki yosoku suru shokuhoshi
=246  30$aLetter from Japan
=246  13$aRoskill monthly newsletter
=246  13$aRLJ
=246  13$aRoskill's letters from Japan
=264  \1$aLondon, :$bRoskill Information Services
=300  \\$billustrations (colour)
=336  \\$atext$2rdacontent
=337  \\$acomputer$2rdamedia
=338  \\$aonline resource$2rdacarrier
=362  1\$aPrint began in 1976.
=500  \\$a"Published by arrangement with Arumu Publishing Company and the Japan Society of Newer Metals".
=588  \\$aDescription based on: number 461 (January 2015); tiitle from PDF caption.
=588  \\$aLatest issue consulted: number 465 (May 2015).
=650  \0$aMineral industries$zJapan$vStatistics$vPeriodicals.
=650  \0$aMetal trade$zJapan$vStatistics$vPeriodicals.
=650  \0$aMarket surveys$zJapan$vPeriodicals.
=650  \0$aBusiness enterprises, Japan$vPeriodicals.
=690  7\$aManagement and Business Studies$2blcoll
=710  2\$aRoskill Information Services,$eissuing body.
=710  2\$aShinkinzoku Kyokai.
=710  2\$aArumu Publishing Company.
=776  08$iAlso issued in print as:$tRoskill's letter from Japan$x0143-4861
=856  4\$uhttps://roskill.com/news/roskills-letters-from-japan/$zTo subscribe
=859  \\$aELD$bejournal
=852  41$aBritish Library$bHMNTS$jELD Digital store$3Number 461(2015:Jan.)-
=985  \\$aPresentation of cover (chief source) is non-standard. Title could be taken to be "Roskill monthly newsletter" in normal title position at top, but I've taken the sideways-on title instead "Roskill's letter from Japan" as all the other pages show only this title, & this is what it has been called since 1976 in print. I think "Roskill monthly newsletter" is more of a subtitle thing, but have not added it as this, because of its position on the page.
=CAT  \\$a3072$b40$c20191001$lBLL01$h1556
=CAT  \\$a3072$b40$c20191001$lBLL01$h1605
=CAT  \\$a3072$b40$c20191002$lBLL01$h1625
=CAT  \\$a3072$b40$c20191002$lBLL01$h1626
=CAT  \\$a3072$b40$c20191014$lBLL01$h1706
=CAT  \\$a3072$b40$c20191014$lBLL01$h1718
=FIN  \\$aY$d20191002
=LKR  \\$aPAR$b010197392$lBLL01$nRoskill's letter from Japan (Print)$mRoskill's letter from Japan (Online)$r776
=STA  \\$aSUPPRESSED$bembargoed
=LAS  \\$a3072$b40$c20191014$lBLL01$h1718

