=LDR  01518cas a2200385 i 4500
=001  017873964
=003  Uk
=005  20160609153937.0
=006  m\\\\\|\\d\|\\\\\\
=007  cr\|||||||||||
=008  160609c2uuu9999ie\ar\\\o\\\\\0\\\a0eng\\
=FMT  \\$a  SE
=015  \\$aGBB679449$2bnb
=040  \\$aUk$beng$cUk$erda
=042  \\$aukblsr
=082  04$a332.1109417$223
=110  2\$aCentral Bank of Ireland (2010- ),$eauthor.
=245  10$aAnnual performance statement :$bfinancial regulation /$cBanc Ceannais na hEireann = Central Bank of Ireland.
=264  \1$aDublin :$bBanc Ceannais na hEireann = Central Bank of Ireland
=310  \\$aAnnual
=336  \\$atext$2rdacontent
=337  \\$acomputer$2rdamedia
=338  \\$aonline resource$2rdacarrier
=588  \\$aDescription based on: 2014/2015 issue; title from PDF cover (publisher's Web site, viewed June 9, 2016).
=588  \\$aLatest issue consulted: 2015/2016 issue; (viewed June 9, 2016).
=610  20$aCentral Bank of Ireland (2010- )$vPeriodicals.
=610  27$aCentral Bank of Ireland (2010- )$2fast$0(OCoLC)fst00520507
=856  4\$uhttp://centralbank.ie/publications/Pages/corporate-publications.aspx$zFollow links to resource
=859  \\$aELD$bejournal
=852  41$aBritish Library$bHMNTS$jDigital store$3(2014/2015)-
=CAT  \\$a3072$b40$c20160609$lBLL01$h1539
=CAT  \\$aW1711-1005$c20171206$lBLL01$h1829
=FIN  \\$aY$d20160609
=STA  \\$aSUPPRESSED$bVoluntary Deposit
=LAS  \\$aW1711-1005$b00$c20171206$lBLL01$h1829

