=LDR  02633 as a2200517 i 4500
=001  018025568
=003  Uk
=005  20200206144334.0
=006  m\\\\\|\\d\|\\\\\\
=007  cr\|||||||||||
=008  160928d20162016wlkuu\\\os\\\o0\\\a0eng\\
=FMT  \\$a  SE
=015  \\$aGBB6D4482$2bnb
=040  \\$aUk$beng$cUk$dUk$erda
=042  \\$aukblsr
=082  04$a333.7$223
=245  00$aUK natural capital.$pExperimental carbon stock accounts :$bpreliminary estimates.
=246  3\$aUnited Kingdom natural capital.$pExperimental carbon stock accounts :$bpreliminary estimates
=264  \1$a[Newport, South Wales] :$bOffice for National Statistics,$c2016.
=300  \\$billustrations (colour).
=336  \\$atext$2rdacontent
=337  \\$acomputer$2rdamedia
=338  \\$aonline resource$2rdacarrier
=362  0\$aRelease date: 28 June 2016.
=490  1\$aStatistical bulletin
=500  \\$aTitle from PDF contents page (ons.gov.uk, viewed September 28, 2016).
=650  \0$aNatural resources$xAccounting$zGreat Britain$vPeriodicals.
=650  \0$aEnvironmental auditing$zGreat Britain$vStatistics$vPeriodicals.
=650  \0$aCarbon cycle (Biogeochemistry)$zGreat Britain$xEnvironmental aspects$vPeriodicals.
=710  1\$aGreat Britain.$bOffice for National Statistics,$eissuing body.
=830  \0$aStatistical bulletin (Great Britain. Office for National Statistics)
=856  40$uhttps://www.ons.gov.uk/economy/environmentalaccounts/bulletins/uknaturalcapital/previousReleases$zFollow links to resource
=859  \\$aELD$bejournal
=852  41$aBritish Library$bHMNTS$jELD Digital store$3(2016:Jun. 28)
=985  \\$aIssued as a statistical bulletin, so presumably will be updated at intervals. Hindisght - best as monos.
=985  \\$aFollowing title has statement: "The first experimental estimates of carbon stocks being compiled to support the incorporation of natural capital into the UK Environmental Accounts by 2020". DDC - considered 577.144, but felt it should go somewhere in 333.7 & no specific place for it here (covers geocarbons and biocarbons) & is "a characteristic of habitat types."
=CAT  \\$a3072$b40$c20160928$lBLL01$h1549
=CAT  \\$a3072$b40$c20160929$lBLL01$h1132
=CAT  \\$a3072$b40$c20160929$lBLL01$h1133
=CAT  \\$aW1711-1005$c20171205$lBLL01$h2213
=CAT  \\$a3072$b40$c20190321$lBLL01$h1227
=CAT  \\$a3072$b40$c20200206$lBLL01$h1443
=FIN  \\$aY$d20160929
=LET  \0$aUK natural capital. Experimental carbon stock accounts (Electronic)
=STA  \\$aSUPPRESSED$bUnable to determine reason for suppression
=LAS  \\$a3072$b40$c20200206$lBLL01$h1443

