=LDR  02379 as a2200541 i 4500
=001  018156008
=003  Uk
=005  20191210141057.0
=006  m\\\\\|\\d\|\\\\\\
=007  cr\|||||||||||
=008  161222c20159999enkar\\\o\\\\o0\\\a0eng\\
=FMT  \\$a  SE
=015  \\$aGBB6K8577$2bnb
=040  \\$aUk$beng$cUk$erda
=042  \\$aukblsr
=082  04$a352.80941$223
=110  1\$aGreat Britain.$bBetter Regulation Executive,$eauthor.
=245  10$aBusiness impact target.$pAnnual report /$cBetter Regulation Executive.
=246  17$aBusiness impact target (BIT): annual report
=264  \1$aLondon :$bDepartment for Business, Innovation & Skills,$c2016-
=310  \\$aAnnual
=336  \\$atext$2rdacontent
=337  \\$acomputer$2rdamedia
=338  \\$aonline resource$2rdacarrier
=362  0\$a1st annual report (2015/2016)-
=490  1\$aHC
=500  \\$aTitle from PDF cover (GOV.UK, viewed December 22, 2016).
=588  \\$aLater issues catalogued as monographs in BL.$5Uk
=650  \0$aDeregulation$zGreat Britain$xEvaluation$vPeriodicals.
=650  \0$aGovernment policy$xEvaluation$vPeriodicals.
=650  \0$aAdministrative procedure$zGreat Britain$xEvaluation$vPeriodicals.
=650  \0$aCost effectiveness$xGovernment policy$zGreat Britain$vPeriodicals.
=690  7\$aManagement and Business Studies$2blcoll
=710  1\$aGreat Britain.$bDepartment for Business, Innovation and Skills.
=830  \0$aHC (Series) (Great Britain. Parliament. House of Commons)
=856  4\$uhttps://www.gov.uk/government/policies/business-regulation$zTo search
=859  \\$aELD$bejournal
=852  41$aBritish Library$bHMNTS$jELD Digital store$3(2015/2016)-(2016/2017)
=985  \\$aHC paper requested for MBS Portal; 10/12/19 update: we now have this as a Dandy mono 017941174 (plus the later issues). Only one issue has been ingested here - the 2015/2016 one, but 3 copies of it. Thought best to suppress this record - 588 added for BNB purposes. GC.
=CAT  \\$a3072$b40$c20161222$lBLL01$h1405
=CAT  \\$a3072$b40$c20161222$lBLL01$h1406
=CAT  \\$a3072$b40$c20161222$lBLL01$h1408
=CAT  \\$aW1711-1005$c20171206$lBLL01$h1830
=CAT  \\$a3072$b40$c20191210$lBLL01$h1410
=FIN  \\$aY$d20161222
=LET  \0$aBusiness impact target (Electronic)
=STA  \\$aSUPPRESSED$bDe-accessioned
=LAS  \\$a3072$b40$c20191210$lBLL01$h1410

