=LDR  01846cas a2200481 i 4500
=001  018379417
=003  Uk
=005  20230117092951.0
=006  m\\\\\|\\d\|\\\\\\
=007  cr\|||||||||||
=008  170616c20169999enkwr\p\o\\\\\0\\\a0eng\\
=FMT  \\$a  SE
=040  \\$aUk$beng$cUk$dUk$erda
=042  \\$aukblsr
=082  04$a333.7909416$223
=245  00$aIreland weekly bulletin.
=264  \1$a[Norwich] :$bCornwall Energy
=264  31$3<2017>-$a[Norwich] :$bCornwall Insight
=310  \\$aWeekly
=336  \\$atext$2rdacontent
=337  \\$acomputer$2rdamedia
=338  \\$aonline resource$2rdacarrier
=362  1\$aBegan in 2016.
=588  \\$aDescription based on: issue 47 (22 February 2017); title from PDF caption.
=588  \\$aLatest issue consulted: Issue 241 (11 January 2021).
=650  \0$aEnergy industries$zNorthern Ireland$vPeriodicals.
=650  \0$aEnergy policy$zNorthern Ireland$vPeriodicals.
=710  2\$aCornwall Energy Associates.
=710  2\$aCornwall Insight (Firm),$eissuing body.
=780  00$tIreland energy weekly bulletin
=856  4\$uhttps://www.cornwall-insight.com/publications/energy-spectrum-ireland-and-ireland-energy-weekly-bulletin$zTo subscribe
=859  \\$aELD$bejournal
=852  41$aBritish Library$bHMNTS$jELD Digital store$3Issue 47(2017:Feb. 22)-
=985  \\$aIssue 241 (11 January 2021) viewed as supplied PDF
=CAT  \\$a8483$b40$c20170616$lBLL01$h0938
=CAT  \\$aW1711-1005$c20171205$lBLL01$h2213
=CAT  \\$a3072$b40$c20181120$lBLL01$h1151
=CAT  \\$a8124$b40$c20230117$lBLL01$h0929
=FIN  \\$aY$d20170616
=LET  \0$aIreland weekly bulletin (Electronic)
=LKR  \\$aPAR$b017838049$lBLL01$r78000$mIreland weekly bulletin.$nIreland energy weekly bulletin.
=STA  \\$aSUPPRESSED$bEmbargoed content
=LAS  \\$a8124$b40$c20230117$lBLL01$h0929

