=LDR  02592 as a2200601 i 4500
=001  016458749
=003  Uk
=005  20160705115012.0
=006  m\\\\\|\\d\|\\\\\\
=007  cr\|||||||||||
=008  130725u201uuuuuenkwn\p\o\\\\\0\\\a0eng\\
=FMT  \\$a  SE
=015  \\$aGBB367216$2bnb
=022  0\$a2052-8183$y1748-7625$202
=040  \\$aUk$beng$cUk$dUk$erda
=042  \\$aukblsr$aissnuk
=082  04$a379.41$223
=222  \0$aEducation & training parliamentary monitor. Weekly bulletin.
=245  00$aEducation & training parliamentary monitor.$pWeekly bulletin.
=246  3\$aEducation and training parliamentary monitor.$pWeekly bulletin
=246  1\$iAlso known as:$aEducation & training parliamentary monitor.$pWeekly edition
=246  13$aETPM weekly bulletin
=264  \1$aCrediton :$bEducation Publishing Worldwide Ltd
=310  \\$aWeekly (when House is in session)
=336  \\$atext$2rdacontent
=337  \\$acomputer$2rdamedia
=338  \\$aonline resource$2rdacarrier
=588  \\$aDescription based on: no. 610 (Monday 24 June, 2013); title from Word caption (email, sent June 24, 2013).
=610  10$aGreat Britain.$bParliament$vPeriodicals.
=650  \0$aHigher Education and state$vPeriodicals.
=650  \0$aAdult Education, Higher$vPeriodicals.
=650  \0$aVocational Education$vPeriodicals.
=690  7\$aSocial Welfare$2blcoll
=856  4\$uhttp://www.educationpublishing.com/parliament.shtml$zTo subscribe
=859  \\$aELD$bejournal
=852  41$aBritish Library$bHMNTS$jELD Digital store$3Number 610(2013:Jun. 24)-Number 676(2014:Nov. 17)
=985  \\$athis "may" continue in part the print + online title "Education parliamentary monitor" former rec'd to Dec 2011, latter to Oct 2011; maybe now issued online only and in sections? -not sure so no bib links made.
=CAT  \\$a11433$b40$c20130725$lBLL01$h1419
=CAT  \\$a3072$b40$c20130801$lBLL01$h1631
=CAT  \\$a3072$b40$c20130801$lBLL01$h1634
=CAT  \\$a3072$b40$c20130801$lBLL01$h1635
=CAT  \\$a3072$b40$c20130801$lBLL01$h1636
=CAT  \\$a3072$b40$c20130805$lBLL01$h1155
=CAT  \\$a3072$b40$c20130805$lBLL01$h1442
=CAT  \\$a3072$b40$c20130805$lBLL01$h1448
=CAT  \\$aBATCH-SWP$c20130810$lBLL01$h0027
=CAT  \\$a8201$b40$c20150306$lBLL01$h1154
=CAT  \\$a10983$b40$c20160705$lBLL01$h1150
=CAT  \\$aW1711-1225$c20171203$lBLL01$h1053
=CAT  \\$aW1711-1005$c20171206$lBLL01$h1825
=FIN  \\$aY$d20130801
=STA  \\$aSUPPRESSED$bunable to determine reason for suppression
=LAS  \\$aW1711-1005$b00$c20171206$lBLL01$h1825

