=LDR  02132 as a2200469 i 4500
=001  016459268
=003  Uk
=005  20190220143210.0
=006  m\\\\\|\\d\|\\\\\\
=007  cr\|||||||||||
=008  130726d2uuu2014enkwr\\\o\\\\\0\\\a0eng\\
=FMT  \\$a  SE
=040  \\$aUk$beng$cUk$dUk$erda
=042  \\$aukblsr
=082  04$a370.941021$223
=245  00$aEducation and Training Parliamentary Monitor.$pWeekly Statistics.$pWestminster.
=264  \1$aCredition :$bEducation Publishing Worldwide Ltd.,$c-2014.
=310  \\$aWeekly
=336  \\$atext$2rdacontent
=337  \\$acomputer$2rdamedia
=338  \\$aonline resource$2rdacarrier
=500  \\$a"Reports on those answers to written questions given in statistical form including those by local authority, university or constituency".
=588  \\$aDescription based on: no. 610 (24 June, 2013); title from Word caption.
=588  \\$aLatest issue consulted: no. 663 (11 August, 2014).
=650  \0$aEducation$zGreat Britain$vStatistics$vPeriodicals.
=785  04$tEducation parliamentary monitor. Weekly statistics. Westminster$x1755-4659
=856  4\$uhttp://www.educationpublishing.com/subscriptions.html$zTo subscribe
=859  \\$aELD$bejournal
=852  41$aBritish Library$bHMNTS$jELD Digital store$3Issue 611(2013:Jul. 01)-Issue 663(2014:Aug. 11)
=985  \\$aUnfinished record found when completing another similar title & DBO issue also happened to be in K drive.
=CAT  \\$a11433$b40$c20130726$lBLL01$h1254
=CAT  \\$a8201$b40$c20150210$lBLL01$h0905
=CAT  \\$a10983$b40$c20160705$lBLL01$h1200
=CAT  \\$aW1711-1225$c20171203$lBLL01$h1053
=CAT  \\$aW1711-1005$c20171206$lBLL01$h1825
=CAT  \\$a3072$b40$c20190220$lBLL01$h1137
=CAT  \\$a3072$b40$c20190220$lBLL01$h1429
=CAT  \\$a3072$b40$c20190220$lBLL01$h1432
=FIN  \\$aY$d20190220
=LKR  \\$aPAR$b007884403$lBLL01$nEducation parliamentary monitor. Weekly statistics. Westminster$mEducation and Training Parliamentary Monitor Weekly Statistics - Westminster$r78504
=STA  \\$aSUPPRESSED$bEmbargoed content
=LAS  \\$a3072$b40$c20190220$lBLL01$h1432

