=LDR  02513 as a2200589 i 4500
=001  016479628
=003  Uk
=005  20160705111204.0
=006  m\\\\\|\\d\|\\\\\\
=007  cr\|||||||||||
=008  130821c200u9999enkwr\p\o\\\\\0\\\a0eng\\
=FMT  \\$a  SE
=022  \\$a2053-6054$y1748-7625$202
=040  \\$aUk$beng$cUk$erda
=042  \\$aukblsr$aissnuk
=082  04$a353.536094105$223
=222  \0$aChildren's services parliamentary monitor. Weekly bulletin
=245  00$aChildren's services parliamentary monitor.$pWeekly bulletin.
=246  13$aCSPM weekly bulletin
=264  \1$aCrediton :$bEducation Publishing Worldwide Ltd
=310  \\$aWeekly
=336  \\$atext$2rdacontent
=337  \\$acomputer$2rdamedia
=338  \\$aonline resource$2rdacarrier
=490  1\$aWeekly edition
=530  \\$aAlso available in printed form -2011, as part of: Children's services parliamentary monitor.
=588  \\$aDescription based on: no. 616 (Monday 5 August 2013); title from PDF caption (downloaded issue, viewed September 3, 2013).
=610  10$aGreat Britain.$bParliament$vPeriodicals.
=650  \0$aChildren$xGovernment policy$zGreat Britain$vPeriodicals.
=650  \0$aYouth$xGovernment policy$zGreat Britain$vPeriodicals.
=650  \0$aChild care services$xGovernment policy$zGreat Britain$vPeriodicals.
=650  \0$aEducation and state$zGreat Britain$vPeriodicals.
=690  7\$aManagement and Business Studies$2blcoll
=830  \0$aWeekly edition (Children's services parliamentary monitor)
=856  4\$uhttp://www.educationpublishing.com/parliament.shtml$zTo subscribe
=859  \\$aELD$bejournal
=852  41$aBritish Library$bHMNTS$jELD Digital store$3Number 610(2013:Jun. 24)-Number 676(2014:Nov. 17)
=CAT  \\$a11433$b40$c20130821$lBLL01$h1636
=CAT  \\$a11433$b40$c20130821$lBLL01$h1637
=CAT  \\$a11316$b40$c20130903$lBLL01$h1259
=CAT  \\$a11316$b40$c20130903$lBLL01$h1439
=CAT  \\$a11316$b40$c20130903$lBLL01$h1520
=CAT  \\$a11316$b40$c20130903$lBLL01$h1536
=CAT  \\$a11316$b40$c20130910$lBLL01$h1000
=CAT  \\$aBATCH-MBS$c20130913$lBLL01$h2139
=CAT  \\$a10983$b40$c20160705$lBLL01$h1112
=CAT  \\$aW1711-1225$c20171203$lBLL01$h1053
=CAT  \\$aW1711-1005$c20171206$lBLL01$h1825
=FIN  \\$aY$d20130903
=LET  \0$aChildren's services parliamentary monitor. Weekly bulletin. (Electronic)
=STA  \\$aSUPPRESSED$bunable to determine reason for suppression
=LAS  \\$aW1711-1005$b00$c20171206$lBLL01$h1825

