=LDR  02961 as a2200649 i 4500
=001  016479927
=003  Uk
=005  20160705111431.0
=006  m\\\\\|\\d\|\\\\\\
=007  cr\|||||||||||
=008  130822d200u2014enkwr\p\o\\\\\0\\\a0eng\\
=FMT  \\$a  SE
=022  \\$a2053-6046$y1748-7625$202
=040  \\$aUk$beng$cUk$dUk$erda
=042  \\$aukblsr$aissnuk
=082  04$a362.7094105$223
=222  \0$aChildren's services parliamentary monitor. Weekly debates. Westminster
=245  00$aChildren's services parliamentary monitor.$pWeekly Debates.$pWestminster.
=246  30$aWeekly debates. Westminster
=246  13$aCSPM weekly debates. Westminster
=264  \1$aCrediton :$bEducation Publishing Worldwide Ltd
=310  \\$aWeekly
=336  \\$atext$2rdacontent
=337  \\$acomputer$2rdamedia
=338  \\$aonline resource$2rdacarrier
=490  1\$aWeekly edition
=530  \\$aAlso available in printed form -2011, as part of: Children's services parliamentary monitor.
=588  \\$aDescription based on: no. 616 (Monday 5 August 2013); title from PDF caption (downloaded issue, viewed September 3, 2013).
=610  10$aGreat Britain.$bParliament$vPeriodicals.
=650  \0$aYouth$xGovernment policy$zGreat Britain$vPeriodicals.
=650  \0$aChildren$xGovernment policy$zGreat Britain$vPeriodicals.
=650  \0$aChild care services$xGovernment policy$zGreat Britain$vPeriodicals.
=650  \0$aEducation and state$zGreat Britain$vPeriodicals.
=690  7\$aSocial Welfare$2blcoll
=785  04$tEducation parliamentary monitor. Weekly debates. Westminster$x1755-4608
=830  \0$aWeekly edition (Children's services parliamentary monitor)
=856  4\$uhttp://www.educationpublishing.com/parliament_cspm.php$zTo subscribe
=859  \\$aELD$bejournal
=852  41$aBritish Library$bHMNTS$jELD Digital store$3Number 610(2013:Jun. 24)-Number 662(2014:Aug. 04)
=CAT  \\$a11433$b40$c20130822$lBLL01$h1417
=CAT  \\$a11316$b40$c20130903$lBLL01$h1150
=CAT  \\$a11316$b40$c20130903$lBLL01$h1214
=CAT  \\$a11316$b40$c20130903$lBLL01$h1243
=CAT  \\$a11316$b40$c20130903$lBLL01$h1437
=CAT  \\$a11316$b40$c20130903$lBLL01$h1453
=CAT  \\$a11316$b40$c20130910$lBLL01$h1001
=CAT  \\$aBATCH-SWP$c20130914$lBLL01$h0103
=CAT  \\$a8201$b40$c20150224$lBLL01$h1058
=CAT  \\$aBATCH-UPD$b40$c20160125$lBLL01$h1229
=CAT  \\$a10983$b40$c20160705$lBLL01$h1114
=CAT  \\$aW1711-1225$c20171203$lBLL01$h1053
=CAT  \\$aW1711-1005$c20171206$lBLL01$h1825
=FIN  \\$aY$d20130903
=LET  \0$aChildren's services parliamentary monitor. Weekly debates. Westminster (Electronic)
=LKR  \\$aPAR$b007895021$lBLL01$r78504$mChildren's services parliamentary monitor. Weekly debates. Westminster$nEducation parliamentary monitor. Weekly debates. Westminster
=STA  \\$aSUPPRESSED$bunable to determine reason for suppression
=LAS  \\$aW1711-1005$b00$c20171206$lBLL01$h1825

