=LDR  02787 as a2200637 i 4500
=001  016479960
=003  Uk
=005  20190220142944.0
=006  m\\\\\|\\d\|\\\\\\
=007  cr\|||||||||||
=008  130822d200u2014enkwr\p\o\\\\\0\\\a0eng\\
=FMT  \\$a  SE
=022  0\$a2053-6062$y1748-7625$202
=040  \\$aUk$beng$cUk$dUk$erda
=042  \\$aukblsr$aissnuk
=082  04$a362.7094105$223
=222  \0$aChildren's services parliamentary monitor. Weekly EDMs
=245  00$aChildren's services parliamentary monitor.$pWeekly EDMs.
=246  3\$aChildren's services parliamentary monitor.$pWeekly early day motions
=246  30$aWeekly EDMs
=246  13$aCSPM weekly EDMs
=264  \1$aCrediton :$bEducation Publishing Worldwide Ltd
=310  \\$aWeekly
=336  \\$atext$2rdacontent
=337  \\$acomputer$2rdamedia
=338  \\$aonline resource$2rdacarrier
=490  1\$aWeekly edition
=530  \\$aAlso available in printed form -2011, as part of: Children's services parliamentary monitor.
=588  \\$aDescription based on: no. 616 (Monday 5 August 2013); title from PDF caption (downloaded issue, viewed September 3, 2013).
=610  10$aGreat Britain.$bParliament$vPeriodicals.
=650  \0$aChildren$xGovernment policy$zGreat Britain$vPeriodicals.
=650  \0$aYouth$xGovernment policy$zGreat Britain$vPeriodicals.
=650  \0$aChild care services$xGovernment policy$zGreat Britain$vPeriodicals.
=650  \0$aEducation and state$zGreat Britain$vPeriodicals.
=690  7\$aSocial Welfare$2blcoll
=785  04$tEducation parliamentary monitor. Weekly EDMs$x1755-4616
=830  \0$aWeekly edition (Children's services parliamentary monitor)
=856  4\$uhttp://www.educationpublishing.com/parliament_cspm.php$zTo subscribe
=859  \\$aELD$bejournal
=852  41$aBritish Library$bHMNTS$jELD Digital store$3Number 610(2013:Jun. 24)-Number 662(2014:Aug. 04)
=CAT  \\$a11433$b40$c20130822$lBLL01$h1452
=CAT  \\$a11316$b40$c20130903$lBLL01$h1453
=CAT  \\$a11316$b40$c20130903$lBLL01$h1536
=CAT  \\$a11316$b40$c20130910$lBLL01$h1000
=CAT  \\$aBATCH-SWP$c20130914$lBLL01$h0103
=CAT  \\$a8201$b40$c20150224$lBLL01$h1108
=CAT  \\$aBATCH-UPD$b40$c20160125$lBLL01$h1229
=CAT  \\$a10983$b40$c20160705$lBLL01$h1115
=CAT  \\$aW1711-1225$c20171203$lBLL01$h1053
=CAT  \\$aW1711-1005$c20171206$lBLL01$h1825
=CAT  \\$a3072$b40$c20190220$lBLL01$h1429
=FIN  \\$aY$d20130903
=LET  \0$aChildren's services parliamentary monitor. Weekly EDMs (Electronic)
=LKR  \\$aPAR$b007895530$lBLL01$r78504$mChildren's services parliamentary monitor. Weekly EDMs$nEducation parliamentary monitor. Weekly EDMs
=STA  \\$aSUPPRESSED$bEmbargoed content
=LAS  \\$a3072$b40$c20190220$lBLL01$h1429

