=LDR  02648 as a22005657i 4500
=001  016480008
=003  Uk
=005  20160705111904.0
=006  m\\\\\|\\d\|\\\\\\
=007  cr\|||||||||||
=008  130822d200u2014enkwr\p\o\\\\\0\\\a0eng\\
=FMT  \\$a  SE
=022  \\$a2053-6070$y1748-7625$202
=040  \\$aUk$beng$cUk$dUk$erda
=042  \\$aukblsr$aissnuk
=082  04$a344.41032705$223
=222  \0$aChildren's services parliamentary monitor. Weekly statutory instruments
=245  00$aChildren's services parliamentary monitor.$pWeekly statutory instruments.
=246  30$aWeekly statutory instruments
=246  13$aCSPM weekly statutory instruments
=264  \1$aCrediton :$bEducation Publishing Worldwide Ltd
=310  \\$aWeekly
=336  \\$atext$2rdacontent
=337  \\$acomputer$2rdamedia
=338  \\$aonline resource$2rdacarrier
=490  1\$aWeekly edition
=530  \\$aAlso available in printed form -2011, as part of: Children's services parliamentary monitor.
=588  \\$aDescription based on: no. 618 (Monday 19 August 2013); title from PDF caption (downloaded issue, viewed September 3, 2013).
=610  10$aGreat Britain.$bParliament$vPeriodicals.
=650  \0$aChildren$xLegal status, laws, etc.$zGreat Britain$vPeriodicals.
=650  \0$aChild care services$xLaw and legislation$zGreat Britain$vPeriodicals.
=650  \0$aDelegated legislation$zGreat Britain$vBibliography$vPeriodicals.
=650  \0$aEducation and state$zGreat Britain$vPeriodicals.
=785  04$tEducation parliamentary monitor. Weekly statutory instruments$x1755-4624
=830  \0$aWeekly edition (Children's services parliamentary monitor)
=856  4\$uhttp://www.educationpublishing.com/parliament.shtml$zTo subscribe
=859  \\$aELD$bejournal
=852  41$aBritish Library$bHMNTS$jELD Digital store$3Issue 610(2013:Jun. 24)-Issue 666(2014:Sep. 01)
=CAT  \\$a11433$b40$c20130822$lBLL01$h1637
=CAT  \\$a11316$b40$c20130903$lBLL01$h1555
=CAT  \\$a11316$b40$c20130910$lBLL01$h1001
=CAT  \\$a8201$b40$c20150225$lBLL01$h0951
=CAT  \\$a10983$b40$c20160705$lBLL01$h1119
=CAT  \\$aW1711-1225$c20171203$lBLL01$h1053
=CAT  \\$aW1711-1005$c20171206$lBLL01$h1825
=FIN  \\$aY$d20130903
=LET  \0$aChildren's services parliamentary monitor. Weekly statutory instruments (Electronic)
=LKR  \\$aPAR$b007887878$lBLL01$r78504$mChildren's services parliamentary monitor. Weekly statutory instruments$nEducation parliamentary monitor. Weekly statutory instruments
=STA  \\$aSUPPRESSED$bunable to determine reason for suppression
=LAS  \\$aW1711-1005$b00$c20171206$lBLL01$h1825

