=LDR  02024 as a2200469 i 4500
=001  016480618
=003  Uk
=005  20190220143151.0
=006  m\\\\\|\\d\|\\\\\\
=007  cr\|||||||||||
=008  130823d200u2014enkwn\\\os\\\\0\\\a0eng\\
=FMT  \\$a  SE
=015  \\$aGBB934462$2bnb
=040  \\$aUk$beng$cUk$erda
=042  \\$aukblsr
=082  04$a362.7094105$223
=245  00$aChildren's services parliamentary monitor.$pWeekly statistics.$pWestminster.
=246  3\$aCSPM weekly statistics.$pWestminster
=264  \1$aCredition :$bEducation Publishing Worldwide Ltd
=310  \\$aWeekly (when House in session)
=336  \\$atext$2rdacontent
=337  \\$acomputer$2rdamedia
=338  \\$aonline resource$2rdacarrier
=588  \\$aDescription based on: no. 610 (Monday 24 June, 2013); title from Word caption.
=588  \\$aLatest issue consulted: no. 663 (Monday 11 August, 2014).
=650  \0$aChild care services$zGreat Britain$vStatistics$vPeriodicals.
=785  04$tEducation parliamentary monitor. Weekly statistics. Westminster$x1755-4659
=856  4\$uhttp://www.educationpublishing.com$zTo subscribe
=859  \\$aELD$bejournal
=852  41$aBritish Library$bHMNTS$jELD Digital store$3Issue 610(2013:Jun. 24)-Issue 663(2014:Aug. 11)
=985  \\$aUnfinished record found when looking for another similar title - issues found in K drive. Upgraded 20/2/19.
=CAT  \\$a11433$b40$c20130823$lBLL01$h1351
=CAT  \\$a8201$b40$c20150303$lBLL01$h1148
=CAT  \\$a10983$b40$c20160705$lBLL01$h1118
=CAT  \\$aW1711-1225$c20171203$lBLL01$h1053
=CAT  \\$aW1711-1005$c20171206$lBLL01$h1825
=CAT  \\$a3072$b40$c20190220$lBLL01$h1425
=CAT  \\$a3072$b40$c20190220$lBLL01$h1431
=FIN  \\$aY$d20190220
=LKR  \\$aPAR$b007884403$lBLL01$nEducation parliamentary monitor. Weekly statistics. Westminster$mChildren's Services Parliamentary Monitor Weekly Statistics - Westminster$r78504
=STA  \\$aSUPPRESSED$bEmbargoed content
=LAS  \\$a3072$b40$c20190220$lBLL01$h1431

