=LDR  02578 as a2200553 i 4500
=001  016607245
=003  Uk
=005  20150223145613.0
=006  m\\\\\|\\d\|\\\\\\
=007  cr\|||||||||||
=008  140121d20142014enkwr\p\o\\\\\0\\\a0eng\\
=FMT  \\$a  SE
=015  \\$aGBB4A1273$2bnb
=022  0\$a2056-8231$y1748-7625$202
=040  \\$aUk$beng$cUk$dUk$erda
=042  \\$aukblsr$aissnuk
=082  04$a379.411$223
=222  \0$aEducation and training parliamentary monitor. Weekly debates. Scotland$b(Online)
=245  00$aEducation and training parliamentary monitor.$pWeekly debates.$pScotland :$bcovering further and higher education and training and skills issues.
=246  1\$iAlso known as:$aETPM weekly debates.$pScotland
=250  \\$aWeekly edition.
=264  \1$aCrediton :$bEducation Publishing Worldwide Ltd,$c2014.
=310  \\$aWeekly
=336  \\$atext$2rdacontent
=337  \\$acomputer$2rdamedia
=338  \\$aonline resource$2rdacarrier
=362  0\$aNo. 636 (Monday 13 January 2014)-
=500  \\$aTitle from PDF caption (email, sent January 18, 2014).
=610  10$aGreat Britain.$bParliament$vPeriodicals.
=650  \0$aHigher education and state$zScotland$vPeriodicals.
=650  \0$aEducation, Higher$zScotland$vPeriodicals.
=650  \0$aAdult education$zScotland$vPeriodicals.
=650  \0$aVocational education$zScotland$vPeriodicals.
=780  00$tEducation and training parliamentary monitor. Scotland$x2056-8223
=785  04$tEducation parliamentary monitor. Weekly debates. Scotland$x2054-9466
=856  4\$uhttp://www.educationpublishing.com/$zTo subscribe
=859  \\$aELD$bejournal
=852  41$aBritish Library$bHMNTS$jELD Digital store$3Number 636(2014:Jan. 13)-Number 664(2014:Aug. 18)
=CAT  \\$a10902$b40$c20140121$lBLL01$h1121
=CAT  \\$a11316$b40$c20140919$lBLL01$h1145
=CAT  \\$a8201$b40$c20150223$lBLL01$h1456
=CAT  \\$aBATCH-UPD$b40$c20151012$lBLL01$h0743
=CAT  \\$aW1711-1005$c20171206$lBLL01$h1826
=FIN  \\$aY$d20140919
=LET  \0$aEducation and training parliamentary monitor. Weekly debates. Scotland (Electronic)
=LKR  \\$aPAR$b016607160$lBLL01$r78504$mEducation and training parliamentary monitor. Weekly debates. Scotland (Online)$nEducation parliamentary monitor. Weekly debates. Scotland
=LKR  \\$aPAR$b016459261$lBLL01$nEducation and training parliamentary monitor. Scotland$mEducation and training parliamentary monitor. Weekly debates. Scotland$r776
=STA  \\$aSUPPRESSED$bIngested as issues
=LAS  \\$aW1711-1005$b00$c20171206$lBLL01$h1826

