=LDR  02267 as a2200529 i 4500
=001  016607255
=003  Uk
=005  20210811124828.0
=006  m\\\\\|\\d\|\\\\\\
=007  cr\|||||||||||
=008  140121d20142014enkwr\p\o\\\\\0\\\a0eng\\
=FMT  \\$a  SE
=015  \\$aGBB4A1268$2bnb
=022  \\$a2056-8215$y1748-7625$202
=040  \\$aUk$beng$cUk$erda
=042  \\$aukblsr$aissnuk
=082  04$a379.429$223
=222  \0$aEducation & training parliamentary monitor. Weekly debates. Wales/Cymru$b(Online)
=245  00$aEducation & training parliamentary monitor.$pWeekly debates.$pWales/Cymru.
=246  3\$aEducation and training parliamentary monitor.$pWeekly debates.$pWales/Cymru
=246  1\$iAlso known as:$aETPM weekly debates.$pWales/Cymru
=250  \\$aWeekly edition.
=264  \1$aCrediton :$bEducation Publishing Worldwide Ltd,$c2014-
=310  \\$aWeekly
=336  \\$atext$2rdacontent
=337  \\$acomputer$2rdamedia
=338  \\$aonline resource$2rdacarrier
=362  0\$aNo. 636 (Monday 13 January 2014)-
=500  \\$aTitle from PDF caption (email, sent January 18, 2014).
=610  10$aGreat Britain.$bParliament$vPeriodicals.
=650  \0$aHigher education and state$zWales$vPeriodicals.
=650  \0$aEducation, Higher$zWales$vPeriodicals.
=650  \0$aAdult education$zWales$vPeriodicals.
=650  \0$aVocational education$zWales$vPeriodicals.
=780  00$tEducation and training parliamentary monitor. Wales/Cymru$x2056-8207
=856  4\$uhttp://www.educationpublishing.com/$zTo subscribe
=859  \\$aELD$bejournal
=852  41$aBritish Library$bHMNTS$jELD Digital store$3Issue 636(2014:Jan. 13)-Issue 661(2014:Jul. 28)
=CAT  \\$a10902$b40$c20140121$lBLL01$h1134
=CAT  \\$a11316$b40$c20140919$lBLL01$h1116
=CAT  \\$aW1711-1005$c20171206$lBLL01$h1826
=CAT  \\$a7764$b40$c20210811$lBLL01$h1248
=FIN  \\$aY$d20140919
=LET  \0$aEducation & training parliamentary monitor. Weekly debates. Wales /Cymru (Electronic)
=LKR  \\$aPAR$b016459270$lBLL01$nEducation & training parliamentary monitor. Wales /Cymru$mEducation & training parliamentary monitor. Weekly debates. Wales /Cymru$r78000
=STA  \\$aSUPPRESSED$bIngested as issues
=LAS  \\$a7764$b40$c20210811$lBLL01$h1248

