=LDR  02729 as a2200565 i 4500
=001  016607272
=003  Uk
=005  20150211093032.0
=006  m\\\\\|\\d\|\\\\\\
=007  cr\|||||||||||
=008  140121d2014201uenkwr\p\o\\\\\0\\\a0eng\\
=FMT  \\$a  SE
=015  \\$aGBB4A1255$2bnb
=022  0\$a2056-8193$y1748-7625$202
=040  \\$aUk$beng$cUk$dUk$erda
=042  \\$aukblsr$aissnuk
=082  04$a379.416$223
=222  \0$aEducation and training parliamentary monitor. Weekly debates. Northern Ireland$b(Online)
=245  00$aEducation and training parliamentary monitor.$pWeekly debates.$pNorthern Ireland :$bcovering further and higher education, training and skills.
=246  1\$iAlso known as:$aETPM weekly debates.$pNorthern Ireland
=250  \\$aWeekly edition.
=264  \1$aCrediton :$bEducation Publishing Worldwide Ltd,$c2014-
=310  \\$aWeekly
=336  \\$atext$2rdacontent
=337  \\$acomputer$2rdamedia
=338  \\$aonline resource$2rdacarrier
=362  0\$aNo. 636 (Monday 13 January 2014)-
=500  \\$aTitle from PDF caption (email, sent January 18, 2014).
=610  10$aGreat Britain.$bParliament$vPeriodicals.
=650  \0$aHigher education and state$zNorthern Ireland$vPeriodicals.
=650  \0$aEducation, Higher$zNorthern Ireland$vPeriodicals.
=650  \0$aAdult education$zNorthern Ireland$vPeriodicals.
=650  \0$aVocational education$zNorthern Ireland$vPeriodicals.
=780  00$tEducation and training parliamentary monitor. Northern Ireland$x2056-8185
=785  04$tEducation parliamentary monitor. Weekly debates. Northern Ireland$x2054-9458
=856  4\$uhttp://www.educationpublishing.com/$zTo subscribe
=859  \\$aELD$bejournal
=852  41$aBritish Library$bHMNTS$jELD Digital store$3Issue 636(2014:Jan. 13)-Issue 661(2014:Jul. 28)
=CAT  \\$a10902$b40$c20140121$lBLL01$h1145
=CAT  \\$a11316$b40$c20140919$lBLL01$h1008
=CAT  \\$a11316$b40$c20140919$lBLL01$h1116
=CAT  \\$a8201$b40$c20150211$lBLL01$h0930
=CAT  \\$aBATCH-UPD$b40$c20151012$lBLL01$h0743
=CAT  \\$aW1711-1005$c20171206$lBLL01$h1826
=FIN  \\$aY$d20140919
=LET  \0$aEducation and training parliamentary monitor. Weekly debates. Northern Ireland (Electronic)
=LKR  \\$aPAR$b016607033$lBLL01$r78504$mEducation and training parliamentary monitor. Weekly debates. Northern Ireland (Online)$nEducation parliamentary monitor. Weekly debates. Northern Ireland
=LKR  \\$aPAR$b016459275$lBLL01$nEducation and training parliamentary monitor. Northern Ireland$mEducation and training parliamentary monitor. Weekly debates. Northern Ireland$r78000
=STA  \\$aSUPPRESSED$bIngested as issues
=LAS  \\$aW1711-1005$b00$c20171206$lBLL01$h1826

