=LDR  02048 as a2200469 i 4500
=001  016796215
=003  Uk
=005  20140723161118.0
=006  m\\\\\|\\d\|\\\\\\
=007  cr\|||||||||||
=008  140723c20uu9999enkar\\\o\\\\o0\\\a0eng\\
=FMT  \\$a  SE
=015  \\$aGBB475882$2bnb
=040  \\$aUk$beng$cUk$erda
=042  \\$aukblsr
=082  04$a352.608094105$223
=110  1\$aGreat Britain.$bDepartment for Environment, Food & Rural Affairs,$eauthor.
=245  15$a.... Workforce monitoring :$bDefra and the Executive Agencies /$cDepartment for Environment, Food & Rural Affairs.
=264  \1$a[London] :$bDepartment for Environment, Food and Rural Affairs
=310  \\$aAnnual
=336  \\$atext$2rdacontent
=337  \\$acomputer$2rdamedia
=338  \\$aonline resource$2rdacarrier
=588  \\$aDescription based on: 2011 issue, published February 2012; title from PDF caption (gov.uk, viewed July 23, 2014).
=588  \\$aLatest issue consulted: 2013, published January 2014 (viewed July 23, 2014).
=610  10$aGreat Britain.$bDepartment for Environment, Food & Rural Affairs$xOfficials and employees$vPeriodicals.
=650  \0$aDiscrimination in employment$zGreat Britain$xEvaluation$vPeriodicals.
=856  4\$uwww.gov.uk/$zTo search
=859  \\$aELD$bejournal
=852  41$aBritish Library$bHMNTS$jDigital store$32011-2012
=852  41$aBritish Library$bHMNTS$jELD Digital store$3(2015)-(2016)
=985  \\$ahttps://www.gov.uk/government/uploads/system/uploads/attachment_data/file/267183/Workforce-monitoring-2013.pdf
=CAT  \\$a3072$b40$c20140723$lBLL01$h1404
=CAT  \\$a3072$b40$c20140723$lBLL01$h1409
=CAT  \\$a3072$b40$c20140723$lBLL01$h1416
=CAT  \\$a3072$b40$c20140723$lBLL01$h1457
=CAT  \\$a3072$b40$c20140723$lBLL01$h1611
=CAT  \\$aW1711-1005$c20171206$lBLL01$h1827
=FIN  \\$aY$d20140723
=LET  \0$aWorkforce monitoring : Defra and the Executive Agencies (Electronic)
=STA  \\$aSUPPRESSED$bIngested as issues
=LAS  \\$aW1711-1005$b00$c20171206$lBLL01$h1827

