=LDR  02480 as a2200541 i 4500
=001  016971203
=003  Uk
=005  20211028093826.0
=006  m\\\\\|\\d\|\\\\\\
=007  cr\|||||||||||
=008  141208d20102017enkar\p\o\\\\o0\\\a0eng\\
=FMT  \\$a  SE
=015  \\$aGBB4E2582$2bnb
=040  \\$aUk$beng$cUk$dUk$erda
=042  \\$aukblsr
=082  04$a331.110941$223
=110  2\$aUK Commission for Employment and Skills.
=245  10$aAnnual report and accounts /$cUK Commission for Employment and Skills.
=264  \1$aLondon :$bThe Stationery Office,$c2011-
=300  \\$billustrations (colour).
=310  \\$aAnnual
=336  \\$atext$2rdacontent
=337  \\$acomputer$2rdamedia
=338  \\$aonline resource$2rdacarrier
=362  0\$a2010/2011-2016/2017.
=490  1\$aHC
=500  \\$aTitle from PDF cover (GOV.UK, viewed December 8, 2014).
=588  \\$aLatest issue consulted: year ended 31 March 2017 (viewed October 28, 2021).
=650  \0$aLabor supply$zGreat Britain$vPeriodicals.
=650  \0$aSkilled labor$zGreat Britain$vPeriodicals.
=610  20$aUK Commission for Employment and Skillls$vPeriodicals.
=610  20$aUK Commission for Employment and Skillls$xAppropriations and expenditures$vPeriodicals.
=690  7\$aManagement and Business Studies$2blcoll
=776  08$iAlso issued in print:$aUK Commission for Employment and Skills.$tAnnual report and accounts
=780  00$aUK Commission for Employment and Skills.$tAnnual report
=830  \0$aHC (Series) (Great Britain. Parliament. House of Commons)
=856  4\$uhttps://www.gov.uk/government/publications$zTo search
=859  \\$aELD$bejournal
=852  41$aBritish Library$bHMNTS$jELD Digital store$3(2013/2014)-(2016/2017)
=CAT  \\$a11316$b40$c20141208$lBLL01$h0857
=CAT  \\$aW1711-1005$c20171206$lBLL01$h1827
=CAT  \\$a8124$b40$c20211028$lBLL01$h0938
=FIN  \\$aY$d20141208
=LET  \0$aUK Commission for Employment and Skills annual report and accounts (Electronic)
=LKR  \\$aPAR$b016518129$lBLL01$nAnnual report and accounts (UK Commission for Employment and Skills. Print)$mAnnual report and accounts (UK Commission for Employment and Skills. Online)$r776
=LKR  \\$aPAR$b016157244$lBLL01$r78000$mAnnual report and accounts (UK Commission for Employment and Skills) (Online)$nAnnual report (UK Commission for Employment and Skills) (Online)
=STA  \\$aSUPPRESSED$bIngested as issues
=LAS  \\$a8124$b40$c20211028$lBLL01$h0938

