=LDR  02088cas a2200493 i 4500
=001  017013961
=003  Uk
=005  20150115115004.0
=006  m\\\\\|\\d\|\\\\\\
=007  cr\|||||||||||
=008  141016c20uu9999enkqr\p\o\\\\\0\\\a0eng\\
=FMT  \\$a  SE
=015  \\$aGBB507613$2bnb
=040  \\$aUk$beng$cUk$erda
=042  \\$aukblsr
=082  04$a338.47641209416$223
=245  00$aQuarterly beverage tracker.$pNorthern Ireland /$cCanadean.
=246  3\$aQBT
=246  17$aAll commercial beverages
=246  17$aSoft drinks service
=246  1\$i2nd quarter, 2012 has cover title:$aSoft drinks quarterly review
=246  1\$i4th quarter, 2012 and 1st quarter, 2013 have cover title:$aAll beverages quarterly review
=246  1\$i1st quarter, 2013 has title:$aQuarter beverage tracker
=246  1\$iIssues from 2014 have subtitle:$aQuarterly beverage tracker.$pNorthern Ireland :$bcomprehensive quarterly analysis of year on year performance for all commercial beverages
=264  \1$a[Basingstoke] :$bCanadean
=300  \\$billustrations (colour)
=310  \\$aQuarterly
=336  \\$atext$2rdacontent
=337  \\$acomputer$2rdamedia
=338  \\$aonline resource$2rdacarrier
=588  \\$aDescription based on: 1st quarter, 2010; title from PDF title page (viewed January 15, 2015).
=588  \\$aLatest issue consulted: 2nd quarter, 2014 (viewed January 15, 2015).
=650  \0$aBeverage industry$zNorthern Ireland$vStatistics$vPeriodicals.
=650  \0$aMarket surveys$zNorthern Ireland$vPeriodicals.
=710  2\$aCanadean Limited,$eissuing body.
=856  4\$uhttp://canadeanreportstore.industryreportstore.com/food-beverage.html$zTo search
=859  \\$aELD$bejournal
=852  41$aBritish Library$bHMNTS$jELD Digital store$3Quarter 1(2013)-Quarter 4(2017)
=CAT  \\$a8201$b40$c20150115$lBLL01$h1150
=CAT  \\$aW1711-1005$c20171206$lBLL01$h1828
=FIN  \\$aY$d20150115
=LET  \0$aQuarterly beverage tracker. Northern Ireland (Electronic)
=STA  \\$aSUPPRESSED$bIngested as issues
=LAS  \\$aW1711-1005$b00$c20171206$lBLL01$h1828

