=LDR  03224 as a2200697 a 4500
=001  013748832
=003  Uk
=005  20160804143933.0
=006  m\\\\\\\\d\|\\\\\\
=007  cr||||||||||||
=008  070517d2007201uenkmr\p\s\\\\\0\\\a0eng\\
=015  \\$aGBA738171$2bnb
=022  0\$a1754-8128$y1748-7625$202
=040  \\$aUk$beng$cUk$dUk
=042  \\$aukblsr$aissnuk
=082  04$a379.4105$222
=130  0\$aEducation & training parliamentary monitor. Monthly F&HE bulletin (Online)
=222  \0$aEducation & training parliamentary monitor. Monthly F&HE bulletin
=245  10$aEducation & training parliamentary monitor$pMonthly F&HE bulletin$h[electronic resource].
=246  1\$iAlso known as:$aFurther and higher education bulletin
=246  3\$aEducation and training parliamentary monitor.$pMonthly further and higher education bulletin
=246  30$aMonthly F&HE bulletin
=246  3\$aMonthly further and higher education bulletin
=260  \\$aCrediton :$bEducation Publishing,$c2007-
=336  \\$atext$2rdacontent
=337  \\$acomputer$2rdamedia
=338  \\$aonline resource$2rdacarrier
=362  0\$aNo. 1 (Tuesday 1 May 2007)-
=500  \\$aTitle from PDF caption (publisher's web site, viewed on 17 May 2007).
=520  \\$a" ... gives brief details of government and parliamentary activities in further and higher education ... fuller details are given in the weekly edition of Education and training parliamentary monitor, and in the full monthly edition" first page.
=538  \\$aMode of access: World Wide Web.
=538  \\$aSystem requirements: Adobe Acrobat Reader.
=650  \0$aEducation and state$zGreat Britain$vPeriodicals.
=690  7\$aSocial Welfare$2blcoll
=776  0\$tEducation & training parliamentary monitor. Monthly F&HE bulletin$x2047-2293
=852  41$aBritish Library$bHMNTS$jELD Digital store$3Issue 68 Jan (2013)
=856  00$uhttp://www.educationpublishing.com/$zTo subscribe
=859  \\$aELD$bejournal
=CAT  \\$a3072$b40$c20070517$lBLL01$h1700
=CAT  \\$a3072$b40$c20070518$lBLL01$h1142
=CAT  \\$a3072$b40$c20070518$lBLL01$h1144
=CAT  \\$a3072$b40$c20070518$lBLL01$h1147
=CAT  \\$a3072$b40$c20070518$lBLL01$h1155
=CAT  \\$a11249$b40$c20070531$lBLL01$h1041
=CAT  \\$a11205$b40$c20110525$lBLL01$h1139
=CAT  \\$aBATCH$b00$c20110625$lBLL01$h0528
=CAT  \\$aBATCH-SWP4$c20110627$lBLL01$h1611
=CAT  \\$a11279$b40$c20120209$lBLL01$h1632
=CAT  \\$a11279$b40$c20120209$lBLL01$h1633
=CAT  \\$aWR13.114$c20130717$lBLL01$h1313
=CAT  \\$aWR14_140$c20140905$lBLL01$h1815
=CAT  \\$a7792$b40$c20160804$lBLL01$h1439
=CAT  \\$aW1711-1225$c20171203$lBLL01$h1026
=CAT  \\$aW1711-1005$c20171206$lBLL01$h1820
=FIN  \\$aY$d20070518
=FMT  \\$a  SE
=LAS  \\$aW1711-1005$b00$c20171206$lBLL01$h1820
=LET  \0$aEducation & training parliamentary monitor. Monthly F&HE bulletin (Online)
=LKR  \\$aPAR$b015525995$lBLL01$r776$mEducation & training parliamentary monitor. Monthly F&HE bulletin$nEducation & training parliamentary monitor. Monthly F&HE bulletin (Print)
=STA  \\$aSUPPRESSED$bunable to determine reason for suppression
=TCO  \\$aCLA$bCLA$c008

