=LDR  02295 as a2200529 a 4500
=001  013758268
=003  Uk
=005  20150323142607.0
=006  m\\\\\\\\d\|\\\\\\
=007  cr||||||||||||
=008  070531u200uuuuuenkwr\p\s\\\\\0\\\a0eng\\
=015  \\$aGBA742272$2bnb
=022  0\$a1754-8152$y1748-7625$202
=040  \\$aUk$beng$cUk$dUk
=042  \\$aukblsr$aissnuk
=082  04$a379.416$222
=222  \0$aEducation parliamentary monitor. Northern Ireland. EPM weekly PQs Northern Ireland
=245  00$aEducation parliamentary monitor.$pNorthern Ireland.$p[EPM weekly PQs Northern Ireland]$h[electronic resource] :$bcovering education, children's services and training issues.
=246  30$aEPM weekly PQs Northern Ireland
=246  3\$aEducation parliamentary monitor. Weekly parliamentary questions Northern Ireland
=260  \\$aCrediton :$bEducation Publishing
=336  \\$atext$2rdacontent
=337  \\$acomputer$2rdamedia
=338  \\$aonline resource$2rdacarrier
=500  \\$aDescription based on: No. 317 (Monday 28 May, 2007); title from email caption (viewed on 31 May 2007).
=516  \\$aIn WORD format
=520  \\$aReports on parliamentary questions on education, children's services and training from the Northern Ireland Assembly.
=538  \\$aMode of access: World Wide Web.
=650  \0$aChildren$xServices for$zNorthern Ireland$vPeriodicals.
=650  \0$aChildren$xGovernment policy$zIreland$vPeriodicals.
=650  \0$aEducation and state$zNorthern Ireland$vPeriodicals.
=852  41$aBritish Library$bHMNTS$jELD Digital store$3Issue 601(2013:Apr. 22)-Issue 636(2014:Jan. 13)
=856  00$uhttp://www.educationpublishing.com/$zTo subscribe
=859  \\$aELD$bejournal
=CAT  \\$a3072$b40$c20070531$lBLL01$h1555
=CAT  \\$a11316$b40$c20070723$lBLL01$h1131
=CAT  \\$a3072$b40$c20070727$lBLL01$h1031
=CAT  \\$a3072$b40$c20110915$lBLL01$h1702
=CAT  \\$aWR13.114$c20130717$lBLL01$h1313
=CAT  \\$a6550$b40$c20150323$lBLL01$h1426
=CAT  \\$aW1711-1225$c20171203$lBLL01$h1026
=CAT  \\$aW1711-1005$c20171206$lBLL01$h1820
=FIN  \\$aY$d20070531
=FMT  \\$a  SE
=LAS  \\$aW1711-1005$b00$c20171206$lBLL01$h1820
=STA  \\$aSUPPRESSED$bunable to determine reason for suppression
=TCO  \\$aCLA$bCLA$c008

