=LDR  01859 as a2200517 a 4500
=001  015428377
=003  Uk
=005  20160107154323.0
=006  m\\\\\\\\d\|\\\\\\
=007  cr||||||||||||
=008  091125c200u9999enkhr\p\s\\\\\0\\\a0eng\\
=015  \\$aGBA9B4647$2bnb
=040  \\$aUk$beng$cUk
=042  \\$aukblsr
=082  04$a362.10680941$222
=110  2\$aMonitor (Agency : Great Britain)
=245  10$aCorporate plan ...$h[electronic resource] /$cMonitor (Agency : Great Britain)
=246  17$aMonitor corporate plan
=260  \\$aLondon:$bMonitor
=310  \\$aTriennial
=336  \\$atext$2rdacontent
=337  \\$acomputer$2rdamedia
=338  \\$aonline resource$2rdacarrier
=500  \\$aDescription based on: 2006-09 issue; title from PDF title page (viewed 25 Nov. 2009).
=538  \\$aMode of access: World Wide Web.
=538  \\$aSystem requirements: Adobe Acrobat Reader.
=610  20$aMonitor (Agency : Great Britain)$vPeriodicals.
=690  7\$aSocial Welfare$2blcoll
=852  41$aBritish Library$bHMNTS$jELD Digital store$32015/2018
=856  40$uhttp://www.monitor-nhsft.gov.uk/home/our-publications$zFollow links to resource
=859  \\$aELD$bejournal
=CAT  \\$a7332$b40$c20091125$lBLL01$h1115
=CAT  \\$a7332$b40$c20091127$lBLL01$h1039
=CAT  \\$aBATCH$b00$c20110625$lBLL01$h0548
=CAT  \\$aBATCH-SWP4$c20110627$lBLL01$h1632
=CAT  \\$a11279$b40$c20120209$lBLL01$h1611
=CAT  \\$aWR14_140$c20140905$lBLL01$h1823
=CAT  \\$a14412$b40$c20160107$lBLL01$h1543
=CAT  \\$aW1711-1225$c20171203$lBLL01$h1035
=CAT  \\$aW1711-1005$c20171206$lBLL01$h1822
=FIN  \\$aY$d20091125
=FMT  \\$a  SE
=LAS  \\$aW1711-1005$b00$c20171206$lBLL01$h1822
=LET  \0$aCorporate plan (PDF)
=STA  \\$aSUPPRESSED$bunable to determine reason for suppression
=TCO  \\$aCLA$bCLA$c008

