=LDR  02793cas a2200649 a 4500
=001  015548848
=003  Uk
=005  20230920172659.0
=006  m\\\\\\\\d\|\\\\\\
=007  cr||||||||||||
=008  100510d200u201uenkar\\\s\\\\o0\\\a0eng\\
=FMT  \\$a  SE
=015  \\$aGBB059487$2bnb
=040  \\$aUk$beng$cUk$dUk
=042  \\$aukblsr
=082  04$a379.12140941$222
=245  00$aRecurrent grants for ...$pFinal allocations$h[electronic resource].
=260  \\$a[Bristol] :$bHigher Education Funding Council for England
=310  \\$aAnnual
=336  \\$atext$2rdacontent
=337  \\$acomputer$2rdamedia
=338  \\$aonline resource$2rdacarrier
=490  1\$aCore funding/operations
=538  \\$aMode of access: World Wide Web.
=538  \\$aSystem requirements: Adobe Acrobat Reader.
=500  \\$aAccompanied on Web site by PDF annexes and tables.
=500  \\$aDescription based on: 2009-10 issue; title from PDF title page (viewed on May 10, 2010).
=588  \\$aLatest issue consulted: 2016/2017 (HEFC Web site, viewed May 18, 2017).
=650  \0$aEducation, Higher$xFinance$zGreat Britain$vPeriodicals.
=710  2\$aHigher Education Funding Council for England.
=787  0\$tRecurrent grants for ... Revised allocations,$g2010-2012
=787  0\$tRecurrent grants for ... Adjusted allocations,$g2013-
=859  \\$aELD$bejournal
=830  \0$aCore funding/operations (Higher Education Funding Council for England)
=856  4\$uhttp://www.hefce.ac.uk/pubs/index.asp$zFollow link to resource
=852  41$aBritish Library$bHMNTS$jELD Digital store$3(2012/2013)-(2017/2018)
=CAT  \\$a7332$b40$c20100510$lBLL01$h1050
=CAT  \\$a7332$b40$c20100510$lBLL01$h1056
=CAT  \\$a5997$b40$c20110629$lBLL01$h0806
=CAT  \\$a5997$b40$c20110629$lBLL01$h0809
=CAT  \\$a3072$b40$c20110718$lBLL01$h1534
=CAT  \\$a3072$b40$c20110718$lBLL01$h1558
=CAT  \\$a3072$b40$c20120201$lBLL01$h1437
=CAT  \\$a3072$b40$c20140428$lBLL01$h1230
=CAT  \\$a8124$b40$c20170518$lBLL01$h1422
=CAT  \\$a8124$b40$c20170518$lBLL01$h1436
=CAT  \\$a6790$b40$c20170519$lBLL01$h1311
=CAT  \\$aW1711-1225$c20171203$lBLL01$h1037
=CAT  \\$aW1711-1005$c20171206$lBLL01$h1822
=CAT  \\$a3072$b40$c20230920$lBLL01$h1726
=FIN  \\$aY$d20100510
=LET  \0$aRecurrent grants. Final allocations (Online)
=LKR  \\$aPAR$b016510915$lBLL01$n2013- Recurrent grants for ... Adjusted allocations$mRecurrent grants for ... Final allocations$r787
=LKR  \\$aPAR$b016021269$lBLL01$n- 2012 Recurrent grants for ... Revised allocations$mRecurrent grants for ... Final allocations$r787
=STA  \\$aSUPPRESSED$bunable to determine reason for suppression
=TCO  \\$aCLA$bCLA$c008
=LAS  \\$a3072$b40$c20230920$lBLL01$h1726

