=LDR  02941 as a2200625 a 4500
=001  015705136
=003  Uk
=005  20210408162733.0
=006  m\\\\\\\\d\|\\\\\\
=007  cr||||||||||||
=008  101130d200u201uenkar\\\s\\\\o0\\\a0eng\\
=015  \\$aGBB0E1750$2bnb
=040  \\$aUk$beng$cUk$dUk
=042  \\$aukblsr
=082  04$a331.23094105$222
=130  0\$aNational minimum wage annual report (Online)
=245  10$aNational minimum wage annual report for ...$h[electronic resource] :$bdelivering results : national minimal wage compliance report for ... and forward look to ...
=246  13$aDelivering results : national minimal wage compliance report ... and forward look
=260  \\$a[London] :$bDept. for Business, Innovation and Skills
=310  \\$aAnnual
=336  \\$atext$2rdacontent
=337  \\$acomputer$2rdamedia
=338  \\$aonline resource$2rdacarrier
=500  \\$aDescription based on: 2009/10 annual report, covering national minimum wage compliance report for 2009/10 and forward look to 2010/11; title from PDF title page (publisher's Web site, viewed Nov. 30, 2010).
=538  \\$aMode of access: World Wide Web.
=538  \\$aSystem requirements: Adobe Acrobat Reader.
=550  \\$aProduced in association with HM Revenue & Customs.
=580  \\$aTo 2005/06 also issued in print.
=650  \0$aMinimum wage$zGreat Britain$vPeriodicals.
=690  7\$aManagement and Business Studies$2blcoll
=690  7\$aSocial Welfare$2blcoll
=710  1\$aGreat Britain.$bDepartment for Business, Innovation and Skills.
=710  1\$aGreat Britain.$bHM Revenue & Customs.
=780  10$tNational minimum wage annual report
=852  41$aBritish Library$bHMNTS$jELD Digital store$3Content not received
=856  4\$uhttp://www.bis.gov.uk/$zTo search
=859  \\$aELD$bejournal
=985  \\$aAm assuming this is the annual report, and not just the National minimum wage compliance report; can't find evidence of any other "annual report"; GC 8/4/21- vague closed date added, plus suppressed field added. Mono 016302282 belongs here, but as nothing else for this record is showing on Explore I've left the mono s as is.
=CAT  \\$a3072$b40$c20101130$lBLL01$h1113
=CAT  \\$a3072$b40$c20101130$lBLL01$h1114
=CAT  \\$aBATCH-UPD$b40$c20130411$lBLL01$h1645
=CAT  \\$a8311$b40$c20140121$lBLL01$h1056
=CAT  \\$aWR14.047$c20140417$lBLL01$h1645
=CAT  \\$aBATCH-UPD$b00$c20141226$lBLL01$h2125
=CAT  \\$aWR15_120$c20150910$lBLL01$h1826
=CAT  \\$aBATCH-SWP$c20150918$lBLL01$h2211
=CAT  \\$a6550$b40$c20160908$lBLL01$h1204
=CAT  \\$aW1711-1005$c20171206$lBLL01$h1823
=CAT  \\$a3072$b40$c20210408$lBLL01$h1627
=FIN  \\$aY$d20101130
=FMT  \\$a  SE
=LAS  \\$a3072$b40$c20210408$lBLL01$h1627
=LET  \0$aNational minimum wage annual report (Electronic)
=STA  \\$aSUPPRESSED$bunable to determine reason
=TCO  \\$aCLA$bCLA$c008

