=LDR  02952cas a2200577 a 4500
=001  015792567
=003  Uk
=005  20221208172601.0
=006  m\\\\\\\\d\|\\\\\\
=007  cr||||||||||||
=008  110415d200u201uenkar\\\s\\\\\0\\\a0eng\\
=FMT  \\$a  SE
=015  \\$aGBB148594$2bnb
=040  \\$aUk$beng$cUk$dUk
=042  \\$aukblsr
=082  04$a363.122094105$222
=110  1\$aGreat Britain.$bRail Safety & Standards Board.
=245  10$a[Annual safety performance report overview]$h[electronic resource] /$cRail Safety & Standards Board.
=246  13$aASPR overview
=246  13$aOverview of the annual safety performance report
=246  13$aOverview of safety performance for ...
=260  \\$aLondon :$bRail Safety & Standards Board
=336  \\$atext$2rdacontent
=337  \\$acomputer$2rdamedia
=338  \\$aonline resource$2rdacarrier
=538  \\$aMode of access: World Wide Web.
=538  \\$aSystem requirements: Adobe Acrobat Reader.
=500  \\$aDescription based on: 2009/10 issue; title supplied by cataloguer (as varies slightly from year to year) (publisher's Web site, viewed Apr. 15, 2010).
=650  \0$aRailroads$zGreat Britain$xSafety measures$vPeriodicals.
=650  \0$aRailroads$xSafety regulations$zGreat Britain$vPeriodicals.
=787  0\$aGreat Britain. Rail Safety & Standards Board$tAnnual safety performance report
=787  0\$aGreat Britain. Rail Safety & Standards Board.$tAnnual health and safety report
=856  4\$uhttp://www.rssb.co.uk/SPR/REPORTS/Pages/SPRPublishedDocuments.aspx#workforce_safety$zFollow links to resource
=859  \\$aELD$bejournal
=852  41$aBritish Library$bHMNTS$jELD Digital store$3(2014)-
=985  \\$aPossibly continued in a Web page entitled: Great Britain. Rail Safety & Standards Board. Annual health and safety report, which includes a summary, a video, and is "supported by 13 topic-specific reports".
=985  \\$aPublisher says its continued by 019852098 - but unsure & cannot access any issues (tried unsuppressing, but LDeJ3 returned on them; so 787 added. Possibly continued in a Web page entitled: Great Britain. Rail Safety & Standards Board. Annual health and safety report, which includes a summary, a video, and is "supported by 13 topic-specific reports".
=CAT  \\$a7332$b40$c20110415$lBLL01$h1511
=CAT  \\$a11316$b40$c20151014$lBLL01$h1600
=CAT  \\$a14412$b40$c20160308$lBLL01$h1415
=CAT  \\$aW1711-1225$c20171203$lBLL01$h1042
=CAT  \\$aW1711-1005$c20171206$lBLL01$h1823
=CAT  \\$a3072$b40$c20221205$lBLL01$h1655
=CAT  \\$a3072$b40$c20221206$lBLL01$h1058
=CAT  \\$a3072$b40$c20221207$lBLL01$h1010
=CAT  \\$a3072$b40$c20221208$lBLL01$h1726
=FIN  \\$aY$d20110415
=LET  \0$aAnnual safety performance report overview (Electronic)
=STA  \\$aSUPPRESSED$bunable to determine reason for suppression
=TCO  \\$aCLA$bCLA$c008
=LAS  \\$a3072$b40$c20221208$lBLL01$h1726

