=LDR  03203 as a2200733 a 4500
=001  015961821
=003  Uk
=005  20181030134716.0
=006  m\\\\\\\\d\|\\\\\\
=007  cr||||||||||||
=008  111104d2011201uenkmr\p\o\\\\\0\\\a0eng\\
=015  \\$aGBB1C7473$2bnb
=022  0\$a2048-1101$y1476-6795$202
=040  \\$aUk$beng$cUk$dUk
=042  \\$aukblsr$aissnuk
=082  04$a620.192323$223
=222  \0$aBioplastics world
=245  00$aBioplastics world$h[electronic resource] :$bthe journal of biodegradable, renewable and sustainable plastics.
=260  \\$aLeatherhead :$bPira International,$c2011-[2015?]
=310  \\$a10 issues per year
=336  \\$atext$2rdacontent
=337  \\$acomputer$2rdamedia
=338  \\$aonline resource$2rdacarrier
=362  0\$aVol. 1, issue 1 (15 Apr. 2011)-
=500  \\$aTitle from PDF title page (publisher's Web site, viewed Nov. 3, 2011).
=538  \\$aMode of access: World Wide Web.
=538  \\$aSystem requirements: Adobe Acrobat Reader.
=540  \\$aCurrent Copyright Fee: GBP15.00$c0$5Uk
=650  \0$aBiodegradable plastics$vPeriodicals.
=650  \0$aPlastics in packaging$vPeriodicals.
=710  2\$aPira International.
=780  00$tBiopackaging world$x2040-283X
=852  41$aBritish Library$bHMNTS$jELD Digital store$3Volume 1:Number 7(2013:Apr. 15)-Volume 3:Issue 18(2015:Oct. 07)
=856  4\$uhttp://www.piranet.com/$zLink no longer valid
=856  00$umailto:publications@pira.co.uk$zTo subscribe
=859  \\$aELD$bejournal
=985  \\$aPublisher is now Smithers Pira, but unsure if last issue had this on as can't access it - at a guess this publication may now be in PiraBase, which may have started just after this stopped, but no evidence so no links made.
=ACF  \\$aPrevious Copyright Fee: GBP20.00$c0$e01-apr-2012$fGBP20.00$g0$hC$5Uk
=ACF  \\$aPrevious Copyright Fee: GBP20.00$c0$e01-jan-2012$fGBP20.00$g0$hC$5Uk
=CAT  \\$a3072$b40$c20111104$lBLL01$h1149
=CAT  \\$a3072$b40$c20111104$lBLL01$h1442
=CAT  \\$aBATCH-CLA$b00$c20111130$lBLL01$h1220
=CAT  \\$aIPL-CLA$c20111230$lBLL01$h2037
=CAT  \\$aBATCH-TCO$c20120117$lBLL01$h0039
=CAT  \\$aBATCH-CLA$b00$c20120229$lBLL01$h1633
=CAT  \\$aIPL-CLA$c20120330$lBLL01$h1442
=CAT  \\$aBATCH-CLA$b00$c20120531$lBLL01$h1726
=CAT  \\$aIPL-CLA$c20120629$lBLL01$h1042
=CAT  \\$aBATCH-CLA$b00$c20120831$lBLL01$h1555
=CAT  \\$aIPL-CLA$c20120930$lBLL01$h2137
=CAT  \\$aBATCH-CLA$b00$c20121109$lBLL01$h1720
=CAT  \\$aWR13.114$c20130717$lBLL01$h1315
=CAT  \\$aW1711-1225$c20171203$lBLL01$h1045
=CAT  \\$aW1711-1005$c20171206$lBLL01$h1823
=CAT  \\$a3072$b40$c20181030$lBLL01$h1347
=CFI  0\$aCurrent Copyright Fee: GBP15.00$c0$e01-oct-2012$fGBP15.00$g0$hC$5Uk
=CFI  2\$aPrevious Copyright Fee: GBP15.00$c0$e01-jul-2012$fGBP15.00$g0$hC$5Uk
=FIN  \\$aY$d20111104
=FMT  \\$a  SE
=LAS  \\$a3072$b40$c20181030$lBLL01$h1347
=LET  \0$aBioplastics world (Electronic)
=LKR  \\$aPAR$b014919629$lBLL01$r78000$mBioplastics world$nBiopackaging world
=STA  \\$aSUPPRESSED$bunable to determine reason for suppression
=TCO  \\$aCLA$bCLA$c008

