=LDR  02374 as a2200565 a 4500
=001  016058952
=003  Uk
=005  20150813122131.0
=006  m\\\\\\\\d\|\\\\\\
=007  cr||||||||||||
=008  120328d200u2013enk\x\\\o\\\\\0\\\a0eng\\
=FMT  \\$a  SE
=015  \\$aGBB232309$2bnb
=040  \\$aUk$beng$cUk
=042  \\$aukblsr
=082  04$a333.79094105$223
=245  00$aElectricity and gas$h[electronic resource].
=246  13$aElectricity and gas alert
=246  1\$iAlso known as:$aElectricity and gas modification alert
=246  13$aElectricity and gas modification alerts
=246  1\$iAlso known as:$aElectricity and gas change alert
=246  13$aElectricity and gas change alerts
=246  17$iPDF variant:$aAlert
=260  \\$aNorth Walsham :$bCornwall Energy Associates
=310  \\$aIrregular
=336  \\$atext$2rdacontent
=337  \\$acomputer$2rdamedia
=338  \\$aonline resource$2rdacarrier
=538  \\$aMode of access: email.
=538  \\$aSystem requirements: Adobe Acrobat Reader.
=520  \\$aProduced in response to significant governance change proposals, so each issue has a separate theme. Summarises key points and gives opinions and recommendations in response.
=588  \\$aDescription based on: 21 Mar. 2012 issue, covering Electricity and gas: Budget 2012/13; title from PDF caption (viewed Mar. 28, 2012).
=650  \0$aEnergy industries$zGreat Britain$vPeriodicals.
=650  \0$aEnergy policy$zGreat Britain$vPeriodicals.
=710  2\$aCornwall Energy Associates.
=856  00$umailto:info@cornwallenergy.com$zTo subscribe
=856  4\$uhttp://www.cornwallenergy.com/Our-services/Regulatory-service/Electricity-modification-alerts$zTo subcribe
=859  \\$aELD$bejournal
=852  41$aBritish Library$bHMNTS$jELD Digital store$3(2013:May 23)
=CAT  \\$a3072$b40$c20120328$lBLL01$h1647
=CAT  \\$a9512$b40$c20131121$lBLL01$h1729
=CAT  \\$aBATCH-859E$c20131121$lBLL01$h2307
=CAT  \\$a8311$b40$c20140331$lBLL01$h1133
=CAT  \\$a6550$b40$c20150813$lBLL01$h1221
=CAT  \\$aW1711-1225$c20171203$lBLL01$h1047
=CAT  \\$aW1711-1005$c20171206$lBLL01$h1824
=FIN  \\$aY$d20120328
=LET  \0$aElectricity and gas modification alerts (Electronic)
=STA  \\$aSUPPRESSED$bunable to determine reason for suppression
=LAS  \\$aW1711-1005$b00$c20171206$lBLL01$h1824

