=LDR  02509 as a2200649 a 4500
=001  016220559
=003  Uk
=005  20150312142830.0
=006  m\\\\\\\\d\|\\\\\\
=007  cr||||||||||||
=008  121128d20122014enkwn\p\o\\\\\0\\\a0eng\\
=FMT  \\$a  SE
=015  \\$aGBB2C0983$2bnb
=022  0\$a2051-7807$y1364-4505$202
=040  \\$aUk$beng$cUk
=042  \\$aukblsr$aissnuk
=082  04$a379.42905$223
=222  \0$aEducation journal Wales/Cymru
=245  00$aEducation journal Wales/Cymru$h[electronic resource].
=246  30$aEducation journal
=246  3\$aEducation journal Wales
=260  \\$aCrediton :$bEducation Publishing Co. Ltd.,$c2012-2014.
=310  \\$aWeekly (except during August)
=336  \\$atext$2rdacontent
=337  \\$acomputer$2rdamedia
=338  \\$aonline resource$2rdacarrier
=362  0\$aNo. 1 (Sept. 14, 2012)-
=362  1\$aCeased in 2014.
=538  \\$aMode of access: World Wide Web.
=538  \\$aSystem requirements: Adobe Acrobat Reader.
=588  \\$aTitle from PDF caption (email attachment, sent Nov. 21, 2012).
=540  \\$aCurrent Copyright Fee: GBP12.30$c0$5Uk
=650  \0$aEducation and state$zWales$vPeriodicals.
=650  \0$aEducation$xResearch$zWales$vPeriodicals.
=650  \0$aEducation$zWales$vPeriodicals.
=856  4\$uhttp://www.educationpublishing.com/index.html$zTo subscribe
=859  \\$aELD$bejournal
=852  41$aBritish Library$bHMNTS$jELD Digital store$3Number 24(2013:Apr. 19)-Number 76(2014:Nov. 17)
=CAT  \\$a5997$b40$c20121128$lBLL01$h0845
=CAT  \\$a5997$b40$c20121128$lBLL01$h0922
=CAT  \\$aBATCH-CLA$b00$c20121130$lBLL01$h1248
=CAT  \\$aIPL-CLA$c20121231$lBLL01$h1337
=CAT  \\$aIPL-CLA$c20130102$lBLL01$h1819
=CAT  \\$a11433$b40$c20130430$lBLL01$h1051
=CAT  \\$a11433$b40$c20130430$lBLL01$h1201
=CAT  \\$aWR13.114$c20130717$lBLL01$h1315
=CAT  \\$aBATCH-CLA$b00$c20131129$lBLL01$h1705
=CAT  \\$aIPL-CLA$c20140101$lBLL01$h0206
=CAT  \\$a6550$b40$c20150312$lBLL01$h1428
=CAT  \\$aW1711-1225$c20171203$lBLL01$h1051
=CAT  \\$aW1711-1005$c20171206$lBLL01$h1825
=CFI  0\$aCurrent Copyright Fee: GBP12.30$c0$e01-jan-2014$fGBP12.30$g0$hC$5Uk
=CFI  2\$aPrevious Copyright Fee: GBP12.00$c0$e01-jan-2013$fGBP12.00$g0$hC$5Uk
=FIN  \\$aY$d20121128
=LET  \0$aEducation journal Wales/Cymru (Electronic)
=STA  \\$aSUPPRESSED$bunable to determine reason for suppression
=LAS  \\$aW1711-1005$b00$c20171206$lBLL01$h1825

