=LDR  02407 as a2200601 a 4500
=001  013887844
=003  Uk
=005  20160308142543.0
=006  m\\\\\\\\d\|\\\\\\
=007  cr||||||||||||
=008  061114c200u9999enkuu\p\s\\\\\0\\\a0eng\\
=015  \\$aGBA772449$2bnb
=040  \\$aUk$beng$cUk$dUk
=042  \\$aukblsr
=082  04$a323.096683$222
=245  00$aCountry of origin information key documents.$pBenin$h[electronic resource].
=246  1\$iWeb site list title :$aCOI key information documents. Benin
=260  \\$aLondon :$bHome Office
=336  \\$atext$2rdacontent
=337  \\$acomputer$2rdamedia
=338  \\$aonline resource$2rdacarrier
=490  1\$aCountry of origin information service
=500  \\$a"for use by officials involved in the asylum/human rights determination process" - preface.
=500  \\$aDescription based on: 17 Jan. 2007 issue; title from t.p. (viewed on 11 Sept. 2007).
=516  \\$aIn WORD format.
=538  \\$aMode of access: World Wide Web.
=650  \0$aHuman rights monitoring$zBenin$vPeriodicals.
=650  \0$aAsylum, Right of$zGreat Britain$vPeriodicals.
=650  \0$aHuman rights monitoring$zBenin$vBibliography$vPeriodicals.
=651  \0$aBenin$xPolitics and government$vPeriodicals.
=710  1\$aGreat Britain.$bHome Office.
=830  \0$aCountry of origin information service
=852  41$aBritish Library$bHMNTS$jELD Digital store$3(2007) Jan. 17***Content not recieved
=856  40$uhttp://www.homeoffice.gov.uk/rds/country_reports.html#countries$zFollow links to resource
=859  \\$aELD$bejournal
=CAT  \\$a3072$b40$c20070911$lBLL01$h1149
=CAT  \\$a3072$b40$c20071029$lBLL01$h0924
=CAT  \\$a3072$b40$c20071029$lBLL01$h0948
=CAT  \\$a3072$b40$c20071029$lBLL01$h0953
=CAT  \\$a3072$b40$c20071029$lBLL01$h1016
=CAT  \\$a3072$b40$c20071029$lBLL01$h1017
=CAT  \\$a3072$b40$c20071029$lBLL01$h1453
=CAT  \\$aBATCH$b00$c20091217$lBLL01$h0506
=CAT  \\$aBATCH$b00$c20100103$lBLL01$h1259
=CAT  \\$aWR14_140$c20140905$lBLL01$h1816
=CAT  \\$a14412$b40$c20160308$lBLL01$h1425
=CAT  \\$aW1711-1225$c20171203$lBLL01$h1027
=CAT  \\$aW1711-1005$c20171206$lBLL01$h1820
=FIN  \\$aY$d20070911
=FMT  \\$a  SE
=LAS  \\$aW1711-1005$b00$c20171206$lBLL01$h1820
=STA  \\$aSUPPRESSED$bunable to determine reason for suppression
=TCO  \\$aCLA$bCLA$c008

