=LDR  02406cas a2200601 a 4500
=001  013888187
=003  Uk
=005  20160308142436.0
=006  m\\\\\\\\d\|\\\\\\
=007  cr||||||||||||
=008  061114c200u9999enkuu\p\s\\\\\0\\\a0eng\\
=FMT  \\$a  SE
=015  \\$aGBA772502$2bnb
=040  \\$aUk$beng$cUk$dUk
=042  \\$aukblsr
=082  04$a323.096668$222
=245  00$aCountry of origin information key documents.$pIvory Coast$h[electronic resource].
=246  1\$iWeb site list title :$aCOI key information documents. Ivory Coast
=260  \\$aLondon :$bHome Office
=336  \\$atext$2rdacontent
=337  \\$acomputer$2rdamedia
=338  \\$aonline resource$2rdacarrier
=490  1\$aCountry of origin information service
=538  \\$aMode of access: World Wide Web.
=516  \\$aIn WORD format.
=500  \\$a"for use by officials involved in the asylum/human rights determination process" - preface.
=500  \\$aDescription based on: 14 Nov. 2006 ssue; title from t.p. (viewed on 11 Sept. 2007).
=650  \0$aHuman rights monitoring$zIvory Coast$vPeriodicals.
=650  \0$aAsylum, Right of$zGreat Britain$vPeriodicals.
=651  \0$aCote d'Ivoire$xPolitics and government$vPeriodicals.
=650  \0$aHuman rights monitoring$zIvory Coast$vBibliography$vPeriodicals.
=710  1\$aGreat Britain.$bHome Office.
=856  40$uhttp://www.homeoffice.gov.uk/rds/country_reports.html#countries$zFollow links to resource
=830  \0$aCountry of origin information service
=859  \\$aELD$bejournal
=852  41$aBritish Library$bHMNTS$jELD Digital store
=CAT  \\$a3072$b40$c20070911$lBLL01$h1610
=CAT  \\$a3072$b40$c20071029$lBLL01$h0925
=CAT  \\$a3072$b40$c20071029$lBLL01$h0951
=CAT  \\$a3072$b40$c20071029$lBLL01$h0952
=CAT  \\$a3072$b40$c20071029$lBLL01$h1018
=CAT  \\$a3072$b40$c20071029$lBLL01$h1455
=CAT  \\$aBATCH-UPD$b40$c20080208$lBLL01$h1118
=CAT  \\$aBATCH$b00$c20091217$lBLL01$h0506
=CAT  \\$aBATCH$b00$c20100103$lBLL01$h1259
=CAT  \\$aWR14_140$c20140905$lBLL01$h1816
=CAT  \\$a14412$b40$c20160308$lBLL01$h1424
=CAT  \\$aW1711-1225$c20171203$lBLL01$h1027
=CAT  \\$aW1711-1005$c20171206$lBLL01$h1820
=FIN  \\$aY$d20070911
=STA  \\$aSUPPRESSED$bunable to determine reason for suppression
=TCO  \\$aCLA$bCLA$c008
=LAS  \\$aW1711-1005$b00$c20171206$lBLL01$h1820

