=LDR  02322 as a2200577 a 4500
=001  013943340
=003  Uk
=005  20160308142132.0
=006  m\\\\\\\\d\|\\\\\\
=007  cr||||||||||||
=008  061114c200u9999enkuu\p\s\b\\\0\\\a0eng\\
=015  \\$aGBA774029$2bnb
=040  \\$aUk$beng$cUk$dUk
=042  \\$aukblsr
=082  04$a323.094705$222
=245  00$aCountry of origin information key documents.$pRussia$h[electronic resource].
=246  1\$iWeb site list title :$aCOI key information documents. Russia
=260  \\$aLondon :$bHome Office
=336  \\$atext$2rdacontent
=337  \\$acomputer$2rdamedia
=338  \\$aonline resource$2rdacarrier
=490  1\$aCountry of origin information service
=500  \\$a"for use by officials involved in the asylum/human rights determination process" - preface.
=500  \\$aDescription based on: 19 Jan. 2007 ssue; title from t.p. (viewed on 13 Sept. 2007).
=516  \\$aIn WORD format.
=538  \\$aMode of access: World Wide Web.
=650  \0$aHuman rights monitoring$zRussia (Federation)$vPeriodicals.
=650  \0$aAsylum, Right of$zGreat Britain$vPeriodicals.
=650  \0$aHuman rights monitoring$zRussia (Federation)$vBibliography$vPeriodicals.
=651  \0$aRussia (Federation)$xPolitics and government$y1991-$vPeriodicals.
=710  1\$aGreat Britain.$bHome Office.
=830  \0$aCountry of origin information service
=852  41$aBritish Library$bHMNTS$jELD Digital store
=856  40$uhttp://www.homeoffice.gov.uk/rds/country_reports.html#countries$zFollow links to resource
=859  \\$aELD$bejournal
=CAT  \\$a3072$b40$c20070913$lBLL01$h1336
=CAT  \\$a3072$b40$c20071029$lBLL01$h0926
=CAT  \\$a3072$b40$c20071029$lBLL01$h0956
=CAT  \\$a3072$b40$c20071029$lBLL01$h1021
=CAT  \\$a3072$b40$c20071029$lBLL01$h1500
=CAT  \\$aBATCH$b00$c20091217$lBLL01$h0507
=CAT  \\$aBATCH$b00$c20100103$lBLL01$h1259
=CAT  \\$aWR14_140$c20140905$lBLL01$h1816
=CAT  \\$a14412$b40$c20160308$lBLL01$h1421
=CAT  \\$aW1711-1225$c20171203$lBLL01$h1027
=CAT  \\$aW1711-1005$c20171206$lBLL01$h1820
=FIN  \\$aY$d20070913
=FMT  \\$a  SE
=LAS  \\$aW1711-1005$b00$c20171206$lBLL01$h1820
=STA  \\$aSUPPRESSED$bunable to determine reason for suppression
=TCO  \\$aCLA$bCLA$c008

