=LDR  02756 as a2200601 a 4500
=001  013943390
=003  Uk
=005  20160308142633.0
=006  m\\\\\\\\d\|\\\\\\
=007  cr||||||||||||
=008  061114c200u9999enkuu\p\s\\\\\0\\\a0eng\\
=015  \\$aGBA774066$2bnb
=040  \\$aUk$beng$cUk$dUk
=042  \\$aukblsr
=082  04$a323.095105$222
=245  00$aCountry of origin information report.$pChina$h[electronic resource].
=246  1\$iMinor title change:$aCountry of origin information (COI) report.$pChina
=260  \\$aLondon :$bHome Office
=336  \\$atext$2rdacontent
=337  \\$acomputer$2rdamedia
=338  \\$aonline resource$2rdacarrier
=490  1\$aCountry of origin information service
=500  \\$a"for use by officials involved in the asylum/human rights determination process" - preface.
=500  \\$aDescription based on: 22 Dec. 2006 issue; title from WORD t.p. (viewed on 13 Sept. 2007).
=516  \\$aIn WORD format.
=538  \\$aMode of access: World Wide Web.
=588  \\$aLatest issue consulted: 12 October 2012 (GOV.UK, viewed August 20, 2015).
=650  \0$aHuman rights monitoring$zChina$vPeriodicals.
=650  \0$aAsylum, Right of$zGreat Britain$vPeriodicals.
=651  \0$aChina$xPolitics and government$vPeriodicals.
=710  1\$aGreat Britain.$bHome Office.
=830  \0$aCountry of origin information service.
=852  41$aBritish Library$bHMNTS$jELD Digital store$3Content not received
=856  4\$uhttps://www.gov.uk/government/collections/country-information-and-guidance$zFollow links to resource
=856  4\$uhttp://www.homeoffice.gov.uk/rds/country_reports.html#countries$zLink no longer valid
=859  \\$aELD$bejournal
=985  \\$aCOI reports are possibly being replaced by 'Country information and guidance reports', which have distinctive titles and will be catalogued as monographs - Unclear at this time if 'Country information and guidance reports are additional to COI reports or will eventually replace them - SF 20/8/2015.
=CAT  \\$a3072$b40$c20070913$lBLL01$h1429
=CAT  \\$a3072$b40$c20080228$lBLL01$h1117
=CAT  \\$aBATCH$b00$c20091217$lBLL01$h0507
=CAT  \\$aBATCH$b00$c20100103$lBLL01$h1259
=CAT  \\$aWR14_140$c20140905$lBLL01$h1816
=CAT  \\$aBATCH-UPD$b00$c20150509$lBLL01$h1512
=CAT  \\$a11316$b40$c20150820$lBLL01$h1044
=CAT  \\$a11316$b40$c20150820$lBLL01$h1045
=CAT  \\$a14412$b40$c20160308$lBLL01$h1426
=CAT  \\$aW1711-1225$c20171203$lBLL01$h1027
=CAT  \\$aW1711-1005$c20171206$lBLL01$h1820
=FIN  \\$aY$d20070913
=FMT  \\$a  SE
=LAS  \\$aW1711-1005$b00$c20171206$lBLL01$h1820
=STA  \\$aSUPPRESSED$bunable to determine reason for suppression
=TCO  \\$aCLA$bCLA$c008

