=LDR  02252 as a2200565 a 4500
=001  014233419
=003  Uk
=005  20160308143354.0
=006  m\\\\\\\\d\|\\\\\\
=007  cr||||||||||||
=008  061114c200u9999enkuu\p\s\\\\\0\\\a0eng\\
=015  \\$aGBA787526$2bnb
=040  \\$aUk$beng$cUk
=042  \\$aukblsr
=082  04$a323.09496505$222
=245  00$aCountry of origin information key documents.$pAlbania$h[electronic resource].
=246  1\$iWeb site list title :$aCOI key information documents. Albania
=260  \\$aLondon :$bHome Office
=336  \\$atext$2rdacontent
=337  \\$acomputer$2rdamedia
=338  \\$aonline resource$2rdacarrier
=490  1\$aCountry of origin information service
=500  \\$a"for use by officials involved in the asylum/human rights determination process" - preface.
=500  \\$aDescription based on: 4 Apr. 2007 issue; title from t.p. (viewed on 29 Oct. 2007).
=516  \\$aIn WORD format.
=538  \\$aMode of access: World Wide Web.
=650  \0$aHuman rights monitoring$zAlbania$vPeriodicals.
=650  \0$aAsylum, Right of$zGreat Britain$vPeriodicals.
=650  \0$aHuman rights monitoring$zAlbania$vBibliography$vPeriodicals.
=651  \0$aAlbania$xPolitics and government$vPeriodicals.
=710  1\$aGreat Britain.$bHome Office.
=830  \0$aCountry of origin information service
=852  41$aBritish Library$bHMNTS$jELD Digital store$3Content not received
=856  40$uhttp://www.homeoffice.gov.uk/rds/country_reports.html#countries$zFollow links to resource
=859  \\$aELD$bejournal
=CAT  \\$a3072$b40$c20071029$lBLL01$h1007
=CAT  \\$a3072$b40$c20071029$lBLL01$h1014
=CAT  \\$a3072$b40$c20071029$lBLL01$h1015
=CAT  \\$a3072$b40$c20071029$lBLL01$h1450
=CAT  \\$aBATCH$b00$c20091217$lBLL01$h0510
=CAT  \\$aBATCH$b00$c20100103$lBLL01$h1302
=CAT  \\$aWR14_140$c20140905$lBLL01$h1817
=CAT  \\$a14412$b40$c20160308$lBLL01$h1433
=CAT  \\$aW1711-1225$c20171203$lBLL01$h1027
=CAT  \\$aW1711-1005$c20171206$lBLL01$h1820
=FIN  \\$aY$d20071029
=FMT  \\$a  SE
=LAS  \\$aW1711-1005$b00$c20171206$lBLL01$h1820
=STA  \\$aSUPPRESSED$bunable to determine reason for suppression
=TCO  \\$aCLA$bCLA$c008

