=LDR  02493 as a2200589 a 4500
=001  014919645
=003  Uk
=005  20181030134108.0
=006  m\\\\\\\\d\|\\\\\\
=007  cr||||||||||||
=008  090302d2008201uenkmn\p\s\\\\\0\\\a0eng\\
=FMT  \\$a  SE
=015  \\$aGBA921818$2bnb
=022  0\$a2040-2848$y1471-5694$202
=040  \\$aUk$beng$cUk$dUk
=042  \\$aukblsr$aissnuk
=082  04$a686.22544$222
=222  \0$aDigital demand world
=245  00$aDigital demand world$h[electronic resource] :$bthe journal of printing and publishing technology.
=260  \\$aLeatherhead :$bIntertechPira,$c2008-[2015?]
=310  \\$aMonthly, except Aug. and Dec. with e-annual in Dec.
=336  \\$atext$2rdacontent
=337  \\$acomputer$2rdamedia
=338  \\$aonline resource$2rdacarrier
=362  0\$aVol. 9, issue 3 (Oct. 2008)-
=538  \\$aMode of access: World Wide Web.
=538  \\$aSystem requirements: Adobe Acrobat Reader.
=500  \\$aTitle from PDF t.p. (publisher's Web site, viewed on Mar. 2, 2009).
=500  \\$aLatest issue consulted: Vol. 7, issue 9 (Feb. 2009).
=650  \0$aElectronic publishing$vPeriodicals.
=650  \0$aPrinting$xTechnological innovations$vPeriodicals.
=650  \0$aDigital printing$vPeriodicals.
=650  \0$aInk-jet printing$vPeriodicals.
=710  2\$aIntertechPira (Firm)
=780  00$tDigital demand$x1758-1664
=856  4\$uhttp://www.piranet.com/$zLink no longer valid
=859  \\$aELD$bejournal
=852  41$aBritish Library$bSTI$jELD Digital store$3Volume 1:Number 7(2013:Apr. 15)-Volume 3:Issue 14(2015:Jul.)
=985  \\$aPublisher is now Smithers Pira, but unsure if last issue had this on as can't access it - at a guess this publication may now be in PiraBase, which may have started just after this stopped, but no evidence so no links made.
=CAT  \\$a3072$b40$c20090302$lBLL01$h1636
=CAT  \\$a3072$b40$c20090302$lBLL01$h1638
=CAT  \\$aWR13.114$c20130717$lBLL01$h1314
=CAT  \\$a11316$b40$c20130805$lBLL01$h1433
=CAT  \\$aWR14_140$c20140905$lBLL01$h1821
=CAT  \\$aW1711-1225$c20171203$lBLL01$h1032
=CAT  \\$aW1711-1005$c20171206$lBLL01$h1821
=CAT  \\$a3072$b40$c20181030$lBLL01$h1341
=FIN  \\$aY$d20090302
=LKR  \\$aPAR$b014653691$lBLL01$r78000$mDigital demand world (Online)$nDigital demand (Online)
=STA  \\$aSUPPRESSED$bunable to determine reason for suppression
=TCO  \\$aCLA$bCLA$c008
=LAS  \\$a3072$b40$c20181030$lBLL01$h1341

