=LDR  02948cas a2200661 i 4500
=001  017364040
=003  Uk
=005  20230815090912.0
=006  m\\\\\|\\d\|\\\\\\
=007  cr\|||||||||||
=008  150518c20139999nikar|p\os\\\o0\\\a0eng\\
=FMT  \\$a  SE
=015  \\$aGBB563871$2bnb
=040  \\$aUk$beng$cUk$dUk$erda
=042  \\$aukblsr
=082  04$a362.73209416021$223
=130  0\$aNorthern Ireland care leavers (2015)
=245  10$aNorthern Ireland care leavers.
=264  \1$a[Belfast] :$bInformation Analysis Directorate,$c2015-
=300  \\$billustrations (colour), maps (colour).
=336  \\$atext$2rdacontent
=337  \\$acomputer$2rdamedia
=338  \\$aonline resource$2rdacarrier
=362  0\$a2013/2014-
=490  1\$aStatistical bulletin
=500  \\$aTitle from PDF cover (publisher's Web site, viewed May 18, 2015).
=588  \\$aLatest issue consulted: 2021/2022 (health-ni.gov.uk, viewed August 15, 2023).
=650  \0$aYouth$xInstitutional care$zNorthern Ireland$vStatistics$vPeriodicals.
=650  \0$aEducational attainment$zNorthern Ireland$vStatistics$vPeriodicals.
=650  \0$aYouth$xEmployment$zNorthern Ireland$vStatistics$vPeriodicals.
=710  2\$aUK Statistics Authority.
=710  1\$aNorthern Ireland.$bDepartment of Health, Social Services, and Public Safety.$bInformation and Analysis Directorate.
=710  1\$aNorthern Ireland.$bCommunity Information Branch,$eissuing body.
=780  04$tNorthern Ireland care leavers aged 16-18
=780  04$tNorthern Ireland care leavers aged 19
=830  \0$aStatistical bulletin (Northern Ireland. Community Information Branch)
=856  4\$uhttp://www.dhsspsni.gov.uk/index/statistics/publications-statistics.htm$zTo search
=856  40$uhttps://www.health-ni.gov.uk/articles/care-leavers$zFollow links to resource
=856  40$uhttp://niopa.qub.ac.uk/handle/NIOPA/16023
=859  \\$aELD$bejournal
=852  41$aBritish Library$bHMNTS$jELD Digital store$3(2013/2014)-
=CAT  \\$a11316$b40$c20150518$lBLL01$h0914
=CAT  \\$a11316$b40$c20150518$lBLL01$h0945
=CAT  \\$a11316$b40$c20150518$lBLL01$h0954
=CAT  \\$a11316$b40$c20150518$lBLL01$h1026
=CAT  \\$a11316$b40$c20150518$lBLL01$h1030
=CAT  \\$a11316$b40$c20150518$lBLL01$h1032
=CAT  \\$a11316$b40$c20150518$lBLL01$h1103
=CAT  \\$a5194$b40$c20161013$lBLL01$h1134
=CAT  \\$aBATCH-UPD$b40$c20161013$lBLL01$h1136
=CAT  \\$aW1711-1005$c20171206$lBLL01$h1828
=CAT  \\$a8124$b40$c20230815$lBLL01$h0909
=FIN  \\$aY$d20150518
=LET  \0$aNorthern Ireland care leavers (Electronic)
=LKR  \\$aPAR$b016289575$lBLL01$r78004$mNorthern Ireland care leavers (2015)$nNorthern Ireland care leavers aged 19
=LKR  \\$aPAR$b016283781$lBLL01$r78004$mNorthern Ireland care leavers (2015)$nNorthern Ireland care leavers aged 16-18
=STA  \\$aSUPPRESSED$bIngested as issues
=LAS  \\$a8124$b40$c20230815$lBLL01$h0909

