=LDR  02259cas a2200613 i 4500
=001  017393833
=003  Uk
=005  20230117093119.0
=006  m\\\\\|\\d\|\\\\\\
=007  cr\|||||||||||
=008  150611c20149999enkmr\p\o\\\\\0\\\a0eng\\
=FMT  \\$a  SE
=015  \\$aGBB575773$2bnb
=022  0\$a2058-6299$202
=040  \\$aUk$beng$cUk$dUk$erda
=042  \\$aukblsr$aissnuk
=082  04$a333.790941705$223
=222  \0$aEnergy spectrum Ireland.
=245  00$aEnergy spectrum Ireland.
=246  3\$aEnergyspectrum Ireland
=246  1\$iAlso known as:$aIrish Energy spectrum
=264  \1$a[Norwich] :$bcornwallenergy,$c2014-
=264  31$3<2017>-$a[Norwich] :$bCornwall Insight
=300  \\$billustrations (colour)
=310  \\$aMonthly
=336  \\$atext$2rdacontent
=337  \\$acomputer$2rdamedia
=338  \\$aonline resource$2rdacarrier
=362  0\$a[Issue 1] (December 2014)-
=500  \\$aTitle from PDF cover.
=588  \\$aLatest issue consulted: issue 71 (14 January 2021).
=650  \0$aEnergy industries$zIreland$vPeriodicals.
=650  \0$aEnergy policy$zIreland$vPeriodicals.
=650  \0$aMarket surveys$zIreland$vPeriodicals.
=710  2\$aCornwall Energy Associates,$eissuing body.
=710  2\$aCornwall Insight (Firm),$eissuing body.
=780  11$tEnergy spectrum$x1745-6770
=856  00$umailto:energyspectrum@cornwallenergy.com$zTo subscribe
=856  4\$uhttp://www.cornwallenergy.com/News/Downloads/Energy-Spectrum-Ireland-1
=859  \\$aELD$bejournal
=852  41$aBritish Library$bSTI$jELD Digital store$3Issue 3(2015:Jul.)-
=985  \\$anext issue July 2015, so presumably is now monthly.
=985  \\$aIssue 71 viewed as supplied PDF
=CAT  \\$a3072$b40$c20150611$lBLL01$h1344
=CAT  \\$aW1711-1005$c20171206$lBLL01$h1828
=CAT  \\$a11313$b40$c20171218$lBLL01$h1600
=CAT  \\$a8124$b40$c20180215$lBLL01$h1142
=CAT  \\$a8124$b40$c20230117$lBLL01$h0925
=CAT  \\$a8124$b40$c20230117$lBLL01$h0931
=FIN  \\$aY$d20150611
=LET  \0$aEnergy spectrum Ireland (Electronic)
=LKR  \\$aPAR$b013031384$lBLL01$r78011$mEnergy spectrum Ireland.$nEnergy spectrum (Online)
=STA  \\$aSUPPRESSED$bEmbargoed content
=LAS  \\$a8124$b40$c20230117$lBLL01$h0931

