=LDR  02995 as a2200661 a 4500
=001  016014031
=003  Uk
=005  20181030140018.0
=006  m\\\\\\\\d\|\\\\\\
=007  cr||||||||||||
=008  120124d2012201uenkmn\p\o\\\\\0\\\a0eng\\
=FMT  \\$a  SE
=015  \\$aGBB205984$2bnb
=022  0\$a2049-5862$z2049-6087$202
=040  \\$aUk$beng$cUk$dUk
=042  \\$aukblsr$aissnuk
=082  04$a688.8$223
=210  0\$aAdv. packag. technol. world
=222  \0$aAdvanced packaging technology world
=245  00$aAdvanced packaging technology world$h[electronic resource].
=246  1\$iHas subtitle:$aJournal of advanced packaging technology
=260  \\$aLeatherhead :$bPira International,$c2012-[2015?]
=310  \\$aTen issues yearly
=336  \\$atext$2rdacontent
=337  \\$acomputer$2rdamedia
=338  \\$aonline resource$2rdacarrier
=362  0\$aVol. 1, issue 1 (16 Jan. 2012)-
=538  \\$aMode of access: World Wide Web.
=538  \\$aSystem requirements: Adobe Acrobat Reader.
=580  \\$aMerger of: Active & intelligent packaging world, and: Flexible & plastic packaging world.
=500  \\$aTitle from PDF title page (publisher's Web site, viewed Jan. 24, 2012).
=650  \0$aPackaging$xTechnological innovations$vPeriodicals.
=650  \0$aSmart materials$vPeriodicals.
=650  \0$aDetectors$vPeriodicals.
=710  2\$aPira International.
=780  14$tActive & intelligent packaging world$x2040-2821
=780  14$tFlexible & plastic packaging world$x2040-2880
=856  4\$uhttp://www.piranet.com/$zLink no longer valid
=856  00$umailto:publications@pira.co.uk
=856  4\$uhttp://www.piranet.com/$zLogin and password required
=859  \\$aELD$bejournal
=852  41$aBritish Library$bHMNTS$jELD Digital store$3Volume 1:Number 7(2013:Apr. 17)-Volume 3:Issue 23(2015:Dec. 19)
=985  \\$aPublisher is now Smithers Pira, but unsure if last issue had this on as can't access it - at a guess this publication may now be in PiraBase, which may have started just after this stopped, but no evidence so no links made.
=985  \\$aISSN completion based on: pdf of Vol. 1, issue 1 (16 Jan. 2012).
=CAT  \\$a3072$b40$c20120124$lBLL01$h1140
=CAT  \\$a3072$b40$c20120124$lBLL01$h1141
=CAT  \\$a3072$b40$c20120124$lBLL01$h1142
=CAT  \\$a11315$b40$c20120217$lBLL01$h1439
=CAT  \\$aWR13.114$c20130717$lBLL01$h1315
=CAT  \\$aW1711-1225$c20171203$lBLL01$h1046
=CAT  \\$aW1711-1005$c20171206$lBLL01$h1824
=CAT  \\$a3072$b40$c20181030$lBLL01$h1400
=FIN  \\$aY$d20120124
=LET  \0$aAdvanced packaging technology world (Electronic)
=LKR  \\$aPAR$b014919605$lBLL01$r78014$mAdvanced packaging technology world$nActive & intelligent packaging world
=LKR  \\$aPAR$b014920023$lBLL01$r78014$mAdvanced packaging technology world$nFlexible & plastic packaging world
=STA  \\$aSUPPRESSED$bunable to determine reason for suppression
=LAS  \\$a3072$b40$c20181030$lBLL01$h1400

