=LDR  03538 as a2200769 a 4500
=001  014655791
=003  Uk
=005  20080929161003.0
=006  m\\\\\\\\d\|\\\\\\
=007  cr||||||||||||
=008  080701c200u9999enkmn\p\s\\\\\0\\\a0eng\\
=FMT  \\$a  SE
=015  \\$aGBA884522$2bnb
=022  0\$a1758-1702$y1475-0929$y1478-7059$202
=040  \\$aUk$beng$cUk
=042  \\$aukblsr$aissnuk
=082  04$a658.827$222
=130  0\$aBrand (Leatherhead, England : Online)
=222  \0$aBrand$b(Leatherhead. Online)
=245  10$aBrand$h[electronic resource] :$bthe journal of brand technology.
=246  1\$iTitle appears with copyright symbol after it:$aBrand
=260  \\$aLeatherhead :$bPira International,$c2008-
=260  3\$32008-$aLeatherhead :$bIntertechPira
=310  \\$aMonthly, except Aug. and Dec. with e-annual in Dec.,$b2008-
=321  \\$aEvery 2 months
=336  \\$atext$2rdacontent
=337  \\$acomputer$2rdamedia
=338  \\$aonline resource$2rdacarrier
=538  \\$aMode of access: World Wide Web.
=538  \\$aSystem requirements: Adobe Acrobat Reader.
=500  \\$aFrom [new ser.] v. 1, issue 1 subtitle is: The journal of brand protection and enhancement.
=515  \\$av. 7, issue 2 (Jan./Feb. 2008) followed by [new ser.] v. 1, issue 1 (27 Mar. 2008); new ser. vol. 1, issue 1 numbered on Web site list as v. 5, issue 19; v. 6, issue 1 not on Web site.
=500  \\$aDescription based on: Vol. 6, issue 2 (Jan./Feb. 2007); title from PDF caption (publisher's Web site, viewed on 30 June 2008).
=500  \\$aLatest issue consulted: [new ser.] Vol. 1, issue 6 (4 June 2008).
=650  \0$aBrand name products$xManagement$vPeriodicals.
=650  \0$aBranding (Marketing)$xManagement$vPeriodicals.
=650  \0$aTrademarks$vPeriodicals.
=650  \0$aElectronic commerce$vPeriodicals.
=650  \0$aProduct counterfeiting$xPrevention$vPeriodicals.
=710  2\$aPira International.
=710  2\$aIntertechPira (Firm)
=780  04$tBrand protection news$x1740-1607
=780  04$tBrand (Leatherhead, England)$x1475-0929
=856  4\$uhttp://www.piranet.com/$zLogin and password required for access
=856  00$umailto:publications@pira.co.uk
=859  \\$aELD$bejournal
=852  41$aBritish Library$bHMNTS$jELD Digital store$3Volume 1:Number 7(2013:Apr. 15)-Volume 2:Number 12(2014:Jun. 30)
=985  \\$aHoldings: Vol. 6, issue 2 (Jan./Feb. 2007)-v. 7, issue 2 (Jan./Feb. 2008); [new ser.] v. 1, issue 1 (27 Mar. 2008)
=CAT  \\$a3072$b40$c20080701$lBLL01$h1222
=CAT  \\$a3072$b40$c20080701$lBLL01$h1524
=CAT  \\$a3072$b40$c20080703$lBLL01$h1644
=CAT  \\$a3072$b40$c20080703$lBLL01$h1646
=CAT  \\$a3072$b40$c20080708$lBLL01$h1629
=CAT  \\$a3072$b40$c20080708$lBLL01$h1630
=CAT  \\$a3072$b40$c20080929$lBLL01$h1610
=CAT  \\$a7332$b40$c20081231$lBLL01$h0844
=CAT  \\$aWR13.114$c20130717$lBLL01$h1314
=CAT  \\$aWR14_140$c20140905$lBLL01$h1819
=CAT  \\$aW1711-1225$c20171203$lBLL01$h1030
=CAT  \\$aW1711-1005$c20171206$lBLL01$h1821
=FIN  \\$aY$d20080703
=LKR  \\$aPAR$b011107680$lBLL01$r78014$mBrand (Leatherhead. Online)$nBrand (Leatherhead)
=LKR  \\$aPAR$b012089581$lBLL01$r78014$mBrand (Leatherhead. Online)$nBrand protection news
=LKR  \\$aPAR$b012089581$lBLL01$r78000$mBrand (Leatherhead. Online)$nBrand protection news
=STA  \\$aSUPPRESSED$bunable to determine reason for suppression
=TCO  \\$aCLA$bCLA$c008
=LAS  \\$aW1711-1005$b00$c20171206$lBLL01$h1821

