=LDR  02742aas a2200685 i 4500
=001  008563540
=003  Uk
=005  20150323142915.0
=006  m\\\\\\\\d\|\\\\\\
=007  cr||||||||||||
=008  040417u200uuuuuenkwr\p\s\\\\\0\\\a0eng\\
=FMT  \\$a  SE
=022  0\$a1755-4691$202
=040  \\$aUk$beng$cUk$erda
=042  \\$aissnuk$aukblsr
=082  04$a379.429$223
=222  \0$aEducation parliamentary monitor. Weekly PQs. Wales/Cymru
=245  00$aEducation parliamentary monitor.$pWeekly PQs.$pWales/Cymru.
=246  3\$aEducation parliamentary monitor.$pWeekly parliamentary questions.$pWales/Cymru
=246  30$aWeekly PQs.$pWales/Cymru
=246  13$aEPM weekly PQs Wales
=246  13$aEPM weekly debates Wales/Cymru
=250  \\$aWeekly edition.
=264  \1$aCrediton :$bEducation Publishing Worldwide Ltd,$c2014-
=310  \\$aWeekly
=336  \\$atext$2rdacontent
=337  \\$acomputer$2rdamedia
=338  \\$aonline resource$2rdacarrier
=588  \\$aDescription based on: No. 350 (Monday 4 February 2008); title from caption (publisher's Web site, viewed May 9, 2014).
=650  \0$aEducation and state$zWales$vPeriodicals.
=650  \0$aChildren$xServices for$zWales$vPeriodicals.
=650  \0$aChildren$xGovernment policy$zWales$vPeriodicals.
=856  4\$uhttp://www.educationpublishing.com/subscriptions.html
=859  \\$aELD$bejournal
=852  41$aBritish Library$bHMNTS$jELD Digital store$3Issue 601(2013:Apr. 22)-Issue 636(2014:Jan. 13)
=945  \\$aEDUCATION PARLIAMENTARY MONITOR WEEKLY PQS- WALES - DIGITAL STORE
=985  \\$aCorrected by MS generated file for WR# 12.018
=A02  \\$a3015836$z0
=CAT  \\$aCONV$b00$c20040425$lBLL90$h0714
=CAT  \\$aCONV$b00$c20040502$lBLL01$h1257
=CAT  \\$a11249$b40$c20050408$lBLL01$h1124
=CAT  \\$a11316$b40$c20070723$lBLL01$h1110
=CAT  \\$aBATCH$b00$c20091209$lBLL01$h0224
=CAT  \\$aBATCH$b00$c20091214$lBLL01$h0332
=CAT  \\$aBATCH$b00$c20091216$lBLL01$h0113
=CAT  \\$a3072$b40$c20110915$lBLL01$h1700
=CAT  \\$aBLSS-CORR$b00$c20120724$lBLL01$h1755
=CAT  \\$aWR13.005$c20130323$lBLL01$h1337
=CAT  \\$aWR13.114$c20130717$lBLL01$h1312
=CAT  \\$a11316$b40$c20140509$lBLL01$h1411
=CAT  \\$a11316$b40$c20140509$lBLL01$h1413
=CAT  \\$a6550$b40$c20150323$lBLL01$h1429
=CAT  \\$aW1711-1225$c20171203$lBLL01$h1019
=CAT  \\$aW1711-1005$c20171206$lBLL01$h1814
=FIN  \\$aY$d20070723
=LET  \0$aEducation parliamentary monitor. Weekly PQs. Wales/Cymru (Electronic)
=SRC  \\$aDSS04$bbibld.200404.2.aa
=STA  \\$aSUPPRESSED$bunable to determine reason for suppression
=TCO  \\$aCLA$bCLA$c008
=LAS  \\$aW1711-1005$b00$c20171206$lBLL01$h1814

