=LDR  02989 as a2200733 a 4500
=001  007880545
=003  Uk
=005  20150312141025.0
=006  m\\\\\\\\d\|\\\\\\
=007  cr||||||||||||
=008  040417d200u2014enkwr|p\s\\\\\0\\\a0eng\\
=FMT  \\$a  SE
=015  \\$aGBA9A3219$2bnb
=022  0\$a1755-4683$202
=040  \\$aUk$beng$cUk$dUk
=042  \\$aissnuk
=082  04$a379.411$222
=222  \0$aEducation parliamentary monitor. Weekly PQs. Scotland
=245  00$aEducation parliamentary monitor.$pWeekly PQs.$pScotland$h[electronic resource] :$bcovering education, children's services and training issues.
=246  30$aWeekly PQs.$pScotland
=246  13$aEPM weekly PQs. Scotland
=260  \\$aCrediton :$bEducation Publishing Worldwide
=336  \\$atext$2rdacontent
=337  \\$acomputer$2rdamedia
=338  \\$aonline resource$2rdacarrier
=362  0\$a-issue 636 (2014).
=538  \\$aMode of access: World Wide Web.
=516  \\$aIn WORD format.
=520  \\$aReports on written parliamentary questions on education, children's services and training from the Scottish Parliament.
=500  \\$aDescription based on: No. 407 (Monday 27 April, 2009); title from caption (viewed on 22 Oct. 2009).
=650  \0$aChildren$xServices for$zScotland$vPeriodicals.
=650  \0$aChildren$xGovernment policy$zScotland$vPeriodicals.
=650  \0$aEducation and state$zScotland$vPeriodicals.
=856  40$uhttp://www.educationpublishing.com/subscriptions.html
=859  \\$aELD$bejournal
=852  41$aBritish Library$bHMNTS$jELD Digital store$3Issue 601(2013:Apr. 22)-Issue 636(2014:Jan. 13)
=945  \\$aEDUCATION PARLIAMENTARY MONITOR WEEKLY PQS- SCOTLAND - DIGITAL STORE
=A02  \\$a3015833$z0
=CAT  \\$aCONV$b00$c20040425$lBLL90$h0713
=CAT  \\$aCONV$b00$c20040502$lBLL01$h1234
=CAT  \\$a11249$b40$c20050407$lBLL01$h1414
=CAT  \\$a11316$b40$c20070723$lBLL01$h1103
=CAT  \\$a7332$b40$c20091022$lBLL01$h1500
=CAT  \\$a7332$b40$c20091022$lBLL01$h1501
=CAT  \\$a7332$b40$c20091022$lBLL01$h1504
=CAT  \\$a7332$b40$c20091022$lBLL01$h1507
=CAT  \\$a7332$b40$c20091026$lBLL01$h0746
=CAT  \\$a7332$b40$c20091113$lBLL01$h1348
=CAT  \\$aBATCH$b00$c20091208$lBLL01$h0309
=CAT  \\$aBATCH$b00$c20091214$lBLL01$h0316
=CAT  \\$aBATCH$b00$c20091216$lBLL01$h0056
=CAT  \\$a3072$b40$c20110915$lBLL01$h1701
=CAT  \\$aWR13.005$c20130329$lBLL01$h1243
=CAT  \\$aWR13.114$c20130717$lBLL01$h1312
=CAT  \\$aWR14_140$c20140905$lBLL01$h1723
=CAT  \\$a6550$b40$c20150312$lBLL01$h1410
=CAT  \\$aW1711-1225$c20171203$lBLL01$h1018
=CAT  \\$aW1711-1005$c20171206$lBLL01$h1814
=FIN  \\$aY$d20070723
=LET  \0$aEducation parliamentary monitor. Weekly PQs. Scotland
=SRC  \\$aDSS04$bbibld.200404.2.aa
=STA  \\$aSUPPRESSED$bunable to determine reason for suppression
=TCO  \\$aCLA$bCLA$c008
=LAS  \\$aW1711-1005$b00$c20171206$lBLL01$h1814

