=LDR  02107 as a2200529 i 4500
=001  019896726
=003  Uk
=005  20200915175055.0
=006  m\\\\\|\\d\|\\\\\\
=007  cr\|||||||||||
=008  200824c200u9999enkqr\p\o\\\\\0\\\a0eng\\
=FMT  \\$a  SE
=040  \\$aUk$beng$cUk$erda
=042  \\$aukblsr
=082  04$a388.40942105$223
=130  0\$aOn the move (London, England : 1996 : Pensioners' edition)
=245  10$aOn the move :$bOTM.
=246  10$aOTM
=250  \\$aPensioners' ed.
=264  \1$a[London] :$b[London Underground]
=264  21$3-<2007>$aLondon :$bTrident Communications
=264  21$3<2008>-$aLondon :$bAB Communications
=300  \\$billustrations (colour)
=310  \\$aQuarterly
=336  \\$atext$2rdacontent
=337  \\$acomputer$2rdamedia
=338  \\$aonline resource$2rdacarrier
=588  \\$aDescription based on: Print version record.
=588  \\$aLatest issue consulted: issue 68 (July 2020) (tfl.gov.uk/, viewed August 24, 2020).
=610  20$aLondon Underground Limited$vPeriodicals.
=610  20$aTransport for London$vPeriodicals.
=650  \0$aTransportation$zEngland$zLondon$vPeriodicals.
=650  \0$aTransport workers$zEngland$zLondon$vPeriodicals.
=710  2\$aLondon Underground Limited,$eissuing body.
=710  2\$aTransport for London,$eissuing body.
=775  0\$tOn the move (London, England : 1996)
=776  0\$iAlso issued in print as:$tOn the move (London, England : 1996 : Pensioners' edition)
=856  40$uhttps://tfl.gov.uk/pensions/news-and-publications/on-the-move
=859  \\$aELD$bejournal
=852  41$aBritish Library$bHMNTS$jELD Digital store$3Issue 68(2020)-Issue 69(2020)
=985  \\$aCatalogued via VPN, August 2020; sent to be catalogued in error - turns out that print still going & publisher hasn't asked to migrate (yet).
=CAT  \\$a8124$b40$c20200824$lBLL01$h1505
=CAT  \\$a3072$b40$c20200915$lBLL01$h1750
=FIN  \\$aY$d20200824
=LET  \0$aOn the move - Pensioners' edition (Electronic)
=STA  \\$aSUPPRESSED$bDe-accessioned
=LAS  \\$a3072$b40$c20200915$lBLL01$h1750

