=LDR  01732 as a2200421 i 4500
=001  017461992
=003  Uk
=005  20150731111653.0
=006  m\\\\\|\\d\|\\\\\\
=007  cr\|||||||||||
=008  150731c201u9999enkqr\p\os\\\o0\\\a0eng\\
=FMT  \\$a  SE
=015  \\$aGBB5A1706$2bnb
=040  \\$aUk$beng$cUk$erda
=042  \\$aukblsr
=082  04$a364.1336$223
=245  00$aTackling tobacco smuggling :$b... outputs.
=246  3\$aTackling tobacco smuggling, outputs
=264  \1$a[London] :$bHM Revenue & Customs
=310  \\$aQuarterly
=336  \\$atext$2rdacontent
=337  \\$acomputer$2rdamedia
=338  \\$aonline resource$2rdacarrier
=588  \\$aDescription based on: quarter 1 (April to June 2013), published August 2013; title from PDF caption (GOV.UK, viewed July 31, 2015).
=588  \\$aLatest issue consulted: quarter 3 and 4 (October 2014 to March 2015), published June 2015 (viewed July 31, 2015).
=650  \0$aTobacco$zGreat Britain$vStatistics$vPeriodicals.
=650  \0$aSmuggling$zGreat Britain$vStatistics$vPeriodicals.
=650  \0$aTax evasion$zGreat Britain$vStatistics$vPeriodicals.
=710  1\$aGreat Britain.$bHM Revenue & Customs,$eissuing body.
=856  40$uhttps://www.gov.uk/government/publications/tackling-tobacco-smuggling-2013-to-2014-outputs
=859  \\$aELD$bejournal
=852  41$aBritish Library$bHMNTS$jELD Digital store$3Quarter 1(2013:Apr./Jun.)-Quarter 4(2014:Jan./Mar.)
=CAT  \\$a11316$b40$c20150731$lBLL01$h1116
=CAT  \\$aW1711-1005$c20171206$lBLL01$h1828
=FIN  \\$aY$d20150731
=LET  \0$aTackling tobacco smuggling : ... outputs (Electronic)
=STA  \\$aSUPPRESSED$bIngested as issues
=LAS  \\$aW1711-1005$b00$c20171206$lBLL01$h1828

