=LDR  02298cas a2200445 i 4500
=001  019054495
=003  Uk
=005  20180918143619.0
=006  m\\\\\|\\d\|\\\\\\
=007  cr\|||||||||||
=008  180918c20169999ie\ar\p\o\\\\\0\\\a0eng\\
=FMT  \\$a  SE
=040  \\$aUk$beng$cUk$erda
=042  \\$aukblsr
=082  04$a354.09417$223
=110  1\$aIreland.$bDepartment of Housing, Planning, Community and Local Government,$eauthor.
=245  10$aAnnual report of the Department of Housing, Planning, Community and Local Government.
=264  \1$a[Dublin] :$bDepartment of Housing, Planning, Community and Local Government
=300  \\$billustrations (colour)
=310  \\$aAnnual
=336  \\$atext$2rdacontent
=337  \\$acomputer$2rdamedia
=338  \\$aonline resource$2rdacarrier
=362  0\$a2016-
=500  \\$aTitle from PDF cover (publisher's Web site, viewed September 18, 2018).
=610  10$aIreland.$bDepartment of Housing, Planning, Community and Local Government$vPeriodicals.
=610  10$aIreland.$bDepartment of Housing, Planning, Community and Local Government$xAppropriations and expenditures$vPeriodicals.
=776  08$iAlso issued in print as:$aIreland. Department of Housing, Planning, Community and Local Government.$tAnnual report of the Department of Housing, Planning, Community and Local Government
=780  00$aIreland. Department of the Environment, Community and Local Government.$sAnnual report and annual output statement (Online)
=856  40$uhttps://www.housing.gov.ie/search/archived/current/category/corporate/sub-type/annual-report/topic/annual-report
=859  \\$aELD$bejournal
=852  41$aBritish Library$bHMNTS$jDigital store$32016 -
=CAT  \\$a8483$b40$c20180918$lBLL01$h1433
=CAT  \\$a8483$b40$c20180918$lBLL01$h1435
=CAT  \\$a8483$b40$c20180918$lBLL01$h1436
=FIN  \\$aY$d20180918
=LET  \0$aAnnual report of the Department of Housing, Planning, Community and Local Government (Electronic)
=LKR  \\$aPAR$b015955267$lBLL01$r78000$mAnnual report of the Department of Housing, Planning, Community and Local Government.$nAnnual report and annual output statement / Department of the Environment, Community and Local Government
=STA  \\$aSUPPRESSED$bVDEP
=LAS  \\$a8483$b40$c20180918$lBLL01$h1436

