=LDR  01511cas a2200433 i 4500
=001  017959023
=003  Uk
=005  20160803142101.0
=006  m\\\\\|\\d\|\\\\\\
=007  cr\|||||||||||
=008  160803c200u9999ie\ar\\\o\\\\\0\\\a0eng\\
=FMT  \\$a  SE
=015  \\$aGBB6A8424$2bnb
=040  \\$aUk$beng$cUk$erda
=042  \\$aukblsr
=082  04$a362.19685260060417$223
=110  2\$aBodywhys (Organisation),$eauthor.
=245  10$aAnnual report /$cBodywhys - The Eating Disorders Association of Ireland.
=264  \1$aBlackrock, Co. Dublin :$bBodywhys
=310  \\$aAnnual
=336  \\$atext$2rdacontent
=337  \\$acomputer$2rdamedia
=338  \\$aonline resource$2rdacarrier
=588  \\$aDescription based on: 2010 issue; title from PDF cover.
=588  \\$aLatest issue consulted: 2014.
=610  20$aBodywhys (Organisation)$vPeriodicals.
=776  08$iPrint version, -<2012>:$aBodywhys (Organisation).$tAnnual report
=856  4\$uhttp://www.bodywhys.ie/aboutUs/annual-reports/
=859  \\$aELD$bejournal
=852  41$aBritish Library$bHMNTS$jDigital store$32010-
=985  \\$aROI VDEP
=CAT  \\$a3072$b40$c20160803$lBLL01$h1418
=CAT  \\$a3072$b40$c20160803$lBLL01$h1421
=CAT  \\$aW1711-1005$c20171206$lBLL01$h1829
=FIN  \\$aY$d20160803
=LET  \0$aAnnual report - Bodywhys (Electronic)
=LKR  \\$aPAR$b013513097$lBLL01$r776$mAnnual report (Online)$nAnnual report (Print)
=STA  \\$aSUPPRESSED$bVDEP
=LAS  \\$aW1711-1005$b00$c20171206$lBLL01$h1829

