=LDR  03500cas a22006017  4500
=001  018019182
=003  Uk
=005  20230223163109.0
=006  m\\\\\|\\d\|\\\\\\
=007  cr\|||||||||||
=008  140715c20169999enk\x\p\o\\\\o0\\\a0eng\\
=FMT  \\$a  SE
=040  \\$aUk$beng$cUk$dUk$erda
=041  \\$aeng$bwel
=082  04$a348.4102$223
=110  1\$aGreat Britain,$eenacting jurisdiction.
=240  10$aLaws, etc. (Statutory instruments)
=245  10$aStatutory instruments. 2016- [LSR].
=246  13$aUK statutory instruments
=264  \1$a[Norwich] :$b[TSO]
=310  \\$aIrregular
=336  \\$atext$2rdacontent
=337  \\$acomputer$2rdamedia
=338  \\$aonline resource$2rdacarrier
=362  1\$aPrint began in 1890.
=500  \\$aIncludes Welsh statutory instruments.
=500  \\$aSet incomplete, as it currently complements the print set. Online set consists only of: Local non-print statutory instruments (i.e. SIs that are of local application), and: supplementary documents to general print SIs. Print set consists only of general SIs.
=515  \\$aNumbering begins with no. 1 each year; arranged numerically in parts, by SI number, with any supplementary documents (EM for explanatory memorandum; FIA for final impact assessment; CIA for consultation impact assessment, etc.). Welsh statutory Instruments are numbered in the main United Kingdom series, and also issued in a Welsh version with their own sub-series.
=588  \\$aDescription based on: 2011, no. 1590; title from PDF caption.
=650  \0$aDelegated legislation$zGreat Britain$vPeriodicals.
=650  \0$aDelegated legislation$zWales$vPeriodicals.
=655  \7$aAdministrative regulations.$2fast$0(OCoLC)fst01774231
=710  1\$aWales.$bNational Assembly.
=740  02$aWelsh statutory instruments.
=740  02$aOfferynnau statutol Cymru.
=787  08$iPrint version (General SIs):$aGreat Britain.$sLaws, etc. (Statutory instruments)
=787  08$iPrint bound version, -2009:$aGreat Britain.$sLaws, etc. (Statutory instruments)
=787  08$iWeb site version:$tUK statutory instruments
=856  42$uhttp:www.legislation.gov.uk/uksi
=859  \\$aELD$bejournal
=852  41$aBritish Library$bHMNTS$jELD Digital store$3Number 10(2016)EM-
=985  \\$aWhen Digital Store items are accessible & when all SIs are produced online this record will inc everything produced; 500 field will then need amending to show that between date x and date y we took local SIs and supp docs to general print SIs in e, but from date z they are all taken this way; 78X fields will need amending at that point. Welsh SIs are numbered in the main UK series with their own sub-series e.g. 2014, no. 3242 and 2014, cy. 329.
=985  \\$aN.B. DO NOT CONFUSE WITH 015862849 - "Statutory instruments, &c. : list no. ..." issued weekly on Fridays; Have added a 240 + {dollar}b to that.
=985  \\$aMQ DO NOT MERGE - LARGE SERIAL RECORD
=985  \\$aUpdated by MS generated file for WR2302-017
=CAT  \\$a10932$b40$c20160921$lBLL01$h1304
=CAT  \\$aW1711-1005$c20171206$lBLL01$h1829
=CAT  \\$aW2302-0174$c20230223$lBLL01$h2010
=EXP  \\$aX
=LET  \0$aGreat Britain and Wales. Statutory instruments - Local non-print SIs & supplementary documents (Electronic)
=LKR  \\$aPAR$b016785687$lBLL01$r78000$mStatutory instruments. 2016- [LSR].$nStatutory instruments. 2013-2015 [LSR].
=STA  \\$aSUPPRESSED$bLarge Serial Record
=LAS  \\$aW2302-0174$b00$c20230223$lBLL01$h2010

