=LDR  01829 as a2200517 a 4500
=001  015992704
=003  Uk
=005  20150901140449.0
=006  m\\\\\\\\d\|\\\\\\
=007  cr||||||||||||
=008  111214c200u9999enkuu\p\o\\\\\0\\\a0eng\\
=015  \\$aGBB1E3440$2bnb
=040  \\$aUk$beng$cUk
=042  \\$aukblsr
=082  04$a796.815205$223
=130  0\$aJudoka (Online)
=245  10$aJudoka$h[electronic resource] :$bofficial online magazine.
=260  \\$aStalham :$bBritish Judo Council
=336  \\$atext$2rdacontent
=337  \\$acomputer$2rdamedia
=338  \\$aonline resource$2rdacarrier
=538  \\$aMode of access: World Wide Web.
=538  \\$aSystem requirements: Adobe Acrobat Reader.
=580  \\$aPreviously also issued in print.
=588  \\$aDescription based on: issue 112 (Oct. 2011); title from PDF caption (email sent 08/11/2011).
=610  20$aBritish Judo Council$vPeriodicals.
=650  \0$aJudo$vPeriodicals.
=710  2\$aBritish Judo Council.
=776  1\$tJudoka
=780  10$tJudoka
=852  41$aBritish Library$bHMNTS$jELD Digital store$3Issue 114(2012:Feb.)-Issue 128(2015:May.)
=856  40$uhttp://www.judoka.britishjudocouncil.org/index.php
=859  \\$aELD$bejournal
=CAT  \\$a5997$b40$c20111214$lBLL01$h1420
=CAT  \\$a5997$b40$c20111214$lBLL01$h1421
=CAT  \\$aBATCH-TCO$c20120117$lBLL01$h0040
=CAT  \\$a14412$b40$c20150901$lBLL01$h1404
=CAT  \\$aW1711-1225$c20171203$lBLL01$h1046
=CAT  \\$aW1711-1005$c20171206$lBLL01$h1824
=FIN  \\$aY$d20111214
=FMT  \\$a  SE
=LAS  \\$aW1711-1005$b00$c20171206$lBLL01$h1824
=LET  \0$aJudoka (Electronic)
=LKR  \\$aPAR$b007251133$lBLL01$nJudoka! (Print)$mJudoka (Online)$r78010
=STA  \\$aSUPPRESSED$bunable to determine reason for suppression
=TCO  \\$aCLA$bCLA$c008

