=LDR  02374cas a2200565 a 4500
=001  016195002
=003  Uk
=005  20130509085458.0
=006  m\\\\\\\\d\\\\\\\\
=007  cr\|||||||||||
=008  121023c200u9999enk\x\p\o\\\\\0\\\a0eng\\
=FMT  \\$a  SE
=040  \\$aUk$beng$cUk
=042  \\$aukblsr
=082  04$a333.913094105$223
=130  0\$aUKIA news (E news)
=245  10$aUKIA news$h[electronic resource] :$bnews from the UK Irrigation Association.
=246  3\$aUnited Kingdom Irrigation Association news
=246  1\$iWeb link title:$aE news
=260  \\$aRushden :$bUK Irrigation Association
=310  \\$aIrregular
=336  \\$atext$2rdacontent
=337  \\$acomputer$2rdamedia
=338  \\$aonline resource$2rdacarrier
=538  \\$aMode of access: World Wide Web.
=538  \\$aSystem requirements: Adobe Acrobat Reader.
=580  \\$aNewsletter of same title also issued in print and online format semiannually with separate numbering.
=515  \\$aEarly issues of email newsletter are unnumbered; issue numbering begins with: No. 1 (5 May 2012).
=588  \\$aDescription based on: 22 Mar. 2012 issue; title from PDF caption (publisher's Web site, viewed Oct. 23, 2012).
=588  \\$aLatest issue consulted: No. 10 (09 Oct. 2012) (viewed Oct. 23, 2012).
=650  \0$aIrrigation$zGreat Britain$vPeriodicals.
=650  \0$aWater conservation$zGreat Britain$vPeriodicals.
=710  2\$aUnited Kingdom Irrigation Association.
=787  1\$tUKIA news
=856  40$uhttp://79.170.40.182/iukdirectory.com/iuk/newsletters.php
=859  \\$aELD$bejournal
=852  41$aBritish Library$bHMNTS$jELD Digital store$3Issue 16(2013)-
=CAT  \\$a11316$b40$c20121023$lBLL01$h1503
=CAT  \\$a11316$b40$c20121023$lBLL01$h1504
=CAT  \\$a11316$b40$c20121023$lBLL01$h1506
=CAT  \\$a11316$b40$c20121023$lBLL01$h1507
=CAT  \\$a6790$b40$c20130509$lBLL01$h0854
=CAT  \\$aWR13.114$c20130717$lBLL01$h1315
=CAT  \\$aWR14_072$c20140608$lBLL01$h1432
=CAT  \\$aW1711-1005$c20171206$lBLL01$h1825
=FIN  \\$aY$d20121023
=LET  \0$aUKIA news (Electronic)
=LKR  \\$aPAR$b014471818$lBLL01$r787$mUKIA news news from the UK Irrigation Association (E news)$nUKIA news : news from the UK Irrigation Association.
=STA  \\$aSUPPRESSED$bIngested as issues
=LAS  \\$aW1711-1005$b00$c20171206$lBLL01$h1825

